3225 5125
133 1996 243 2070 'mn

167 2125 225 2163 mm
200 2126 254 2171 mm

167 2317 224 2356 L.w

165 2374 298 2493 ‘acta

165 2455 310 2538 mmmm

164 2547 299 2635 fflD.fflm

332 340 394 403 182
709 346 762 401 DE
784 346 1047 402 POSTLIMINIO.
1292 344 1365 412 [Lm.
1377 345 1429 399 111.

329 511 463 599 majores
480 510 622 591 omnin03
650 511 793 589 minores,
813 512 839 579 si
855 511 939 579 intra
957 509 1194 599 quadriennium
1214 531 1234 576 a
1253 510 1433 598 receptione

330 612 544 689 vindiceatum
563 612 622 677 nisi
637 612 719 698 quod
736 634 840 679 arcem
857 613 938 679 bello
954 612 1099 678 amissam
1111 619 1144 678 et
1156 611 1433 698 quomodocunque

331 720 547 798 recuperatam
562 711 718 777 retinendi
731 711 784 797 jus
801 734 859 777 rex
876 712 980 778 habet.

406 812 496 879 XIV.
545 813 564 876 1
598 812 650 876 Dc
674 812 839 877 mobilibus
864 810 1019 900 generalis
1043 810 1076 876 in
1101 808 1290 877 contrarium
1319 810 1432 900 regula
1496 798 1502 807 ⁸

331 918 389 987 est,
409 918 446 977 ut
470 909 657 997 postliminio
683 932 747 976 non
769 911 912 988 redeant,
938 911 993 977 sed
1017 911 1051 976 in
1075 910 1184 998 prada
1202 910 1282 977 sint:
1306 918 1343 976 ιιι
1363 911 1432 975 ιιι

332 1010 460 1097 opponit
476 1010 589 1075 Labeo.
639 1011 746 1087 Quare
762 1019 795 1076 et
812 1010 994 1076 commercio
1011 1019 1131 1098 parata,
1148 1009 1324 1096 ubicunque
1340 1032 1433 1096 repe·

330 1108 464 1186 riuntur,
486 1117 614 1175 manent
631 1109 706 1195 ejus,
722 1109 776 1195 qui
797 1109 892 1176 emit:
917 1131 974 1175 nec
989 1109 1074 1197 apud
1089 1118 1216 1197 pacatos
1232 1117 1360 1197 roperta
1375 1118 1432 1176 aut

331 1207 415 1275 intra
431 1207 508 1274 fines
523 1208 674 1296 perducta
687 1208 864 1275 medicandi
875 1208 929 1297 jus
945 1219 993 1275 cst
1008 1208 1107 1275 veteri
1123 1209 1256 1275 domino.
1310 1209 1373 1275 Sed
1389 1210 1431 1275 ab

330 1308 390 1373 hac
406 1308 517 1396 regula
531 1308 672 1374 videmus
694 1308 768 1373 olim
792 1317 932 1396 excepta,
951 1331 1021 1395 quse
1035 1307 1068 1373 in
1086 1308 1168 1375 bello
1187 1331 1277 1374 usum
1294 1309 1430 1375 habent:

331 1407 414 1493 quod
431 1406 502 1472 ideo
523 1406 674 1493 placuisse
698 1408 843 1496 gentibus
864 1408 997 1486 videtur,
1014 1416 1051 1474 ut
1073 1408 1279 1495 recuperandi
1298 1430 1369 1495 spes
1388 1408 1431 1473 sd

331 1528 370 1572 ea
402 1506 611 1592 comparanda
643 1507 810 1574 alacriores
843 1507 983 1573 homines
1011 1507 1171 1573 redderet.
1222 1507 1431 1573 Plurimarum

331 1605 413 1671 enim
439 1604 597 1672 civitatum
620 1606 763 1673 instituto
783 1628 821 1672 eo
842 1615 983 1693 tempore
1002 1606 1044 1672 ad
1065 1627 1133 1673 rom
1155 1605 1295 1672 bellicam
1314 1606 1431 1671 refere-

331 1706 465 1772 bantur:
491 1726 590 1791 quare
610 1705 700 1771 facile
723 1705 756 1770 in
776 1706 835 1771 hoc
856 1728 1036 1772 consensum
1054 1714 1110 1772 est.
1163 1706 1263 1772 Usum
1279 1713 1383 1771 autem
1397 1704 1431 1770 in

331 1804 412 1871 bello
430 1805 497 1870 haec
523 1804 641 1871 habere
663 1813 828 1871 censentur
853 1827 924 1891 qum
946 1806 1038 1871 modo
1057 1826 1097 1870 ex
1118 1804 1209 1872 Gallo
1224 1804 1310 1870 AElio
1325 1804 1431 1870 attuli·

330 1926 408 1982 mus,
422 1904 477 1970 sed
494 1925 564 1989 quse
581 1903 753 1971 distinctim
769 1904 910 1991 exposita
926 1912 1053 1971 exstant
1069 1912 1135 1970 tum
1151 1904 1234 1991 apud
1250 1904 1430 1970 Ciceronem

330 2004 363 2069 in
378 2004 509 2090 Topicis,
527 2012 593 2069 tum
609 2004 695 2090 apud
711 2003 930 2071 Modestinum.
963 2004 996 2069 N
996 2025 1070 2069 aves
1086 2004 1201 2069 scilicet
1217 2002 1319 2092 longae
1335 2011 1432 2088 atque

302 2102 492 2180 onerariae,
523 2123 585 2168 non
613 2102 687 2169 item
719 2102 843 2169 lusoriae
872 2111 929 2170 aut
955 2101 1113 2179 actuaria,
1140 2102 1308 2190 voluptatis
1336 2123 1430 2167 causa

329 2209 469 2289 paratas:
486 2201 571 2279 muli,
585 2202 641 2267 sed
658 2201 830 2268 clitellarii:
848 2202 920 2290 equi
937 2211 1080 2289 etequae,
1098 2202 1154 2267 sed
1170 2200 1251 2267 freni
1267 2200 1429 2316 patientes.

331 2302 376 2367 Et
391 2301 443 2366 hee
459 2323 510 2366 res
526 2308 609 2377 sunt,
627 2320 705 2385 quas
724 2307 757 2366 et
775 2301 876 2388 legari
896 2310 982 2367 recte
1003 2301 1169 2367 voluerunt
1186 2300 1329 2378 Romani,
1348 2299 1406 2365 ιι
1397 2322 1430 2364 ιιι

259 2399 546 2494 L&praestationes
561 2398 686 2463 familias
703 2400 916 2465 herciscundae
933 2399 1050 2468 venire.
1154 2420 1160 2433 ·

406 2500 427 2564 2
461 2498 559 2563 Arma
575 2503 609 2564 et
626 2495 719 2562 vestis
735 2519 825 2563 usum
843 2498 992 2584 quidem
983 2520 1016 2564 m
1033 2499 1114 2566 bello
1130 2498 1257 2580 habent,
1274 2498 1330 2565 sed
1346 2506 1430 2586 post-

329 2596 445 2662 liminio
467 2619 530 2661 non
555 2595 709 2672 redibant,
736 2596 809 2682 quia
832 2598 957 2663 minimo
981 2597 1168 2664 favorabiles
1193 2606 1293 2675 erant,
1320 2599 1430 2683 quiin

330 2695 412 2762 bello
428 2717 517 2761 arma
533 2703 589 2760 aut
605 2702 723 2759 restem
740 2695 940 2763 amitterent:
960 2697 1021 2761 imo
1038 2697 1071 2763 id
1088 2696 1198 2786 flagitii
1212 2695 1279 2762 loco
1292 2696 1430 2763 habeba-

329 2803 391 2870 tur,
418 2803 454 2860 ιιι
478 2793 591 2880 passim
615 2791 649 2858 iu
671 2792 808 2859 historiis
833 2803 974 2882 apparet.
1022 2796 1127 2882 Atque
1151 2795 1185 2860 iu
1202 2797 1260 2861 hoo
1279 2804 1431 2863 notantur

329 2915 418 2959 arma
434 2893 475 2959 ab
491 2914 572 2982 equo
588 2892 714 2969 distare,
733 2894 816 2980 quod
834 2915 932 2980 equus
948 2893 1014 2960 sine
1031 2895 1122 2982 culpa
1139 2894 1250 2982 equitis
1266 2895 1429 2984 proripere

327 3148 463 3215 counties,
480 3146 536 3202 and
553 3146 714 3222 hereditas-y
727 3150 928 3222 jurisdictione,
944 3168 994 3207 are
1010 3152 1137 3207 restored
1154 3152 1193 3224 by
1209 3153 1429 3223 postliminium

327 3233 377 3289 the
391 3235 481 3305 major
495 3251 571 3300 ones,
586 3235 757 3308 absolutely3
771 3236 821 3292 the
836 3238 935 3302 ndnor,
949 3237 975 3290 if
986 3237 1055 3308 they
1069 3254 1117 3293 are
1132 3237 1251 3293 claimed
1265 3239 1363 3294 within
1375 3240 1430 3294 dre

327 3335 408 3390 years
424 3321 497 3376 from
514 3321 590 3375 their
602 3337 753 3394 recovery3
768 3328 868 3394 except
883 3322 947 3377 that
963 3339 981 3377 a
995 3323 1060 3388 sort,
1080 3323 1135 3378 lost
1153 3324 1210 3378 and
1224 3326 1366 3396 regained,
1380 3325 1430 3381 the

327 3405 397 3476 hing
410 3405 461 3460 has
474 3406 524 3461 the
538 3405 615 3478 right
629 3407 663 3461 οι
672 3409 822 3479 retaining.

380 3491 460 3544 XIV.
501 3496 515 3543 1
539 3491 716 3562 Conceming
729 3493 897 3558 moveables,
911 3509 948 3549 ou
962 3492 1012 3549 the
1028 3493 1110 3550 other
1123 3493 1208 3560 hand,
1230 3494 1281 3550 the
1297 3503 1429 3568 contrary

327 3573 389 3627 rule
404 3575 434 3627 in
454 3575 569 3644 general
587 3575 686 3630 holds:
706 3576 768 3631 that
784 3578 853 3649 they
869 3579 905 3633 dc
922 3586 973 3635 not
989 3586 1088 3635 return
1099 3580 1138 3653 hy
1152 3581 1363 3654 postliminium,
1377 3583 1429 3638 but

326 3658 443 3712 become
454 3659 539 3729 prise.
574 3660 672 3716 Hence
684 3661 790 3732 objecta
808 3663 842 3717 οι
853 3665 950 3730 traffic,
968 3665 1110 3722 whererer
1121 3666 1237 3739 bought,
1248 3668 1365 3723 become
1379 3667 1429 3723 the

325 3749 461 3814 property
482 3743 516 3798 οι
532 3743 592 3798 him
611 3746 672 3801 who
693 3746 765 3820 huys
779 3748 873 3803 them:
896 3750 952 3805 and
972 3751 998 3804 if
1013 3751 1102 3806 found
1122 3769 1225 3824 among
1245 3755 1379 3819 neutrale,
1396 3771 1430 3808 or

325 3826 449 3899 brought
462 3827 556 3894 home,
570 3837 675 3886 cannot
692 3833 729 3887 be
744 3834 862 3890 claimed
880 3834 919 3907 hy
937 3836 987 3892 the
1007 3837 1055 3891 old
1074 3854 1178 3892 owner.
1215 3839 1273 3893 But
1284 3838 1359 3893 from
1373 3839 1429 3894 this

324 3913 395 3978 rule,
406 3930 480 3968 were
490 3917 627 3986 excepted
635 3918 770 3990 formerly
778 3921 932 3976 munitione
944 3921 977 3976 οι
985 3939 1054 3987 wan
1068 3923 1118 3978 the
1130 3939 1230 3979 reason
1240 3923 1334 3997 being,
1343 3941 1429 3996 appa-

324 3999 427 4070 rently,
450 3998 513 4054 that
535 4017 602 4056 men
622 4003 712 4074 might
731 4005 767 4059 be
788 4022 867 4060 more
890 4007 980 4061 active
1002 4009 1033 4062 in
1054 4011 1217 4080 recovering
1239 4010 1327 4066 these.
1372 4011 1429 4065 For

324 4101 409 4156 many
424 4090 511 4140 states
523 4084 594 4141 have
609 4087 684 4143 their
695 4089 761 4145 lawa
775 4090 858 4146 made
873 4093 1023 4166 especially
1035 4094 1102 4149 with
1114 4111 1133 4149 a
1146 4097 1216 4150 rien
1231 4101 1261 4150 to
1273 4113 1337 4150 war.
1375 4095 1429 4151 We

324 4169 396 4226 hare
407 4171 522 4244 already
533 4173 627 4227 stated
638 4173 713 4228 what
727 4192 776 4229 are
790 4177 944 4233 munitione
956 4178 990 4233 οι
1001 4196 1066 4234 war.
1094 4177 1160 4248 [See
1171 4181 1231 4236 also
1244 4181 1351 4246 Cicero,
1362 4179 1428 4248 cc]

376 4264 394 4311 2
415 4257 498 4313 Arma
510 4257 566 4312 aud
579 4258 704 4331 clothing
714 4260 785 4315 have
801 4261 875 4316 their
886 4280 936 4318 use
950 4266 980 4318 in
992 4281 1057 4331 war,
1071 4265 1124 4321 but
1141 4265 1199 4322 had
1213 4272 1263 4321 not
1281 4267 1331 4322 the
1344 4267 1428 4338 priri-

323 4343 386 4413 lege
399 4343 431 4398 of
441 4345 643 4415 postliminium
650 4364 659 4411 3
671 4345 791 4401 because
803 4347 871 4419 they
882 4349 944 4404 who
956 4350 1011 4406 lost
1023 4351 1102 4406 them
1114 4368 1187 4408 were
1199 4353 1272 4407 little
1283 4351 1428 4416 favoured,

323 4429 427 4483 indeed
446 4446 518 4485 were
538 4431 692 4502 disgraoed,
736 4432 800 4487 And
819 4450 850 4489 so
867 4450 885 4487 a
901 4434 984 4492 horse
1002 4437 1025 4491 is
1040 4437 1172 4493 different
1189 4439 1219 4492 in
1241 4437 1297 4493 this
1317 4444 1428 4510 respect

322 4512 397 4567 from
414 4531 507 4582 arme3
528 4515 575 4572 ιιι
590 4516 639 4572 the
659 4517 743 4573 horse
763 4535 829 4592 may
847 4519 884 4574 he
904 4520 959 4576 lost
979 4519 1099 4578 without
1119 4522 1194 4578 fault
1217 4523 1250 4579 οι
1269 4522 1319 4579 the
1339 4521 1429 4578 ridcr.'
