3225 5125
163 360 234 416 Car.
248 356 361 426 XXII]
622 359 667 417 IN
687 360 820 416 BELLO.
1206 349 1265 413 391

164 520 235 608 quis
251 528 348 608 neget
370 519 626 606 comprehensum
645 519 698 606 jus
723 519 836 586 danda
858 518 1059 610 impunitatis,
1078 517 1105 585 si
1122 541 1158 586 eo
1177 519 1269 588 modo

166 641 257 685 omne
273 617 444 707 periculum
461 639 482 683 a
497 619 655 705 republica
671 620 860 686 arceretur?

239 720 281 784 X.
319 719 467 785 Ceterum
481 716 514 781 in
531 717 580 782 his
597 717 709 784 ducum
723 719 832 806 pactis,
846 717 919 806 qnia
936 718 975 783 de
991 739 1028 784 re
1044 725 1144 807 egunt
1156 718 1268 797 aliena,

166 825 319 905 quatenns
333 825 509 884 contractus
524 826 638 884 natura
653 818 781 906 petitur,
798 817 1023 907 adstringenda
1039 817 1267 905 interpretatio,

167 939 279 1004 nempe
301 939 341 982 ne
366 924 422 982 aut
447 915 645 1003 exipsorum
671 918 753 984 fecto
779 939 899 984 summa
919 925 1058 1005 potestas
1081 916 1151 1004 plus
1174 938 1269 1003 qnam

166 1016 263 1085 vellet
279 1015 445 1104 obligetur,
462 1024 518 1081 aut
534 1015 594 1102 ipsi
616 1016 763 1082 damnum
779 1018 913 1082 subeant
928 1016 1057 1082 officium
1074 1015 1225 1082 faciendo.

243 1116 302 1184 XI.
349 1118 400 1183 Ita
424 1113 477 1202 qui
502 1113 536 1180 in
560 1115 747 1182 deditionem
765 1138 877 1204 puram
901 1137 921 1182 a
945 1115 1024 1181 duce
1047 1115 1205 1202 accipitur,
1230 1137 1268 1181 eo

162 1215 236 1301 jure
250 1223 395 1302 acceptus
412 1222 564 1294 censetur,
583 1223 619 1280 ut
636 1214 676 1281 de
692 1237 729 1281 eo
747 1215 873 1282 victoris
888 1214 995 1302 populi
1010 1222 1067 1280 sut
1082 1213 1168 1302 regis
1184 1215 1268 1280 arbi-

167 1314 262 1380 trium
289 1314 339 1392 sit,
366 1313 453 1401 cujus
475 1314 649 1401 exemplum
681 1323 729 1380 est
752 1314 786 1381 in
816 1314 929 1381 Gentio
959 1313 1070 1401 Illyrii,
1093 1322 1127 1379 ct
1151 1315 1267 1381 Perseo

167 1413 360 1480 Macedonia
376 1434 462 1502 rege,
480 1413 594 1500 quise,
611 1413 664 1479 ille
681 1413 800 1491 Anicio,
819 1414 870 1480 hic
887 1412 988 1479 Paulo
1003 1412 1199 1479 dediderunt.
1280 1423 1335 1517 ,Ἢ
1346 1424 1412 1513 Βσξὰ]

244 1514 320 1580 XII.
357 1513 409 1579 Sic
425 1512 548 1599 adjecta
565 1512 676 1590 cautio,
687 1517 739 1579 iia
751 1526 863 1579 ratum
877 1516 931 1589 cit,
947 1515 978 1579 si
989 1514 1135 1598 popalus
1146 1517 1267 1578 Roma-
1280 1480 1407 1554 ”hill-‘²

167 1636 230 1680 cus
254 1616 433 1689 censuisset,
459 1633 552 1699 quam
576 1634 660 1699 scepe
682 1613 714 1678 in
737 1612 953 1699 sponsionibus
973 1611 1122 1688 invenias,
1147 1612 1266 1690 efficiet,

166 1720 212 1789 ut,
230 1711 449 1778 ratihabitione
471 1733 533 1776 non
558 1720 673 1790 secuta,
696 1713 760 1778 dux
785 1711 819 1776 iu
843 1710 920 1776 nihil
941 1709 1008 1798 ipse
1030 1717 1184 1787 teneatur,
1207 1710 1268 1777 nisi

166 1810 193 1876 si
209 1832 271 1898 qus
287 1811 469 1899 locupletior
485 1811 585 1876 iectus
600 1812 651 1877 sit.

236 1912 328 1976 XIII.
365 1913 418 1987 Et,
432 1908 485 1997 qui
502 1911 650 1997 oppidum
667 1909 793 1976 tradere
808 1907 1027 1997 promiserunt,
1046 1918 1174 1997 possunt
1187 1931 1266 1997 pras·

164 2009 277 2077 sidium
294 2009 461 2088 dimittere,
478 2018 514 2075 ut
528 2009 637 2076 fecisse
654 2011 825 2076 Locrenses
840 2008 983 2097 legimus,
1280 2024 1390 2065 usma.
1400 2027 1419 2065 ι.

209 2191 221 2218 ⁸
235 2183 266 2230 Ιιι
276 2197 305 2230 ea
310 2185 433 2242 potestate,
447 2193 499 2240 quo
513 2180 631 2227 Ηοοιωιο
642 2193 691 2225 sao·
739 2180 821 2240 disper
834 2179 877 2225 iiia
892 2179 1005 2226 consciri
1019 2179 1043 2224 in
1059 2179 1144 2226 dacem
1155 2179 1267 2227 Valenti·

163 2259 231 2306 ricus
250 2263 304 2305 erat
322 2255 441 2316 marimo]
468 2255 531 2303 Vide
551 2255 690 2300 SsllnstInm
739 2269 796 2300 num
819 2253 982 2301 Gniccinrdini
996 2255 1059 2301 libro
1074 2267 1110 2302 vr.
1126 2254 1201 2316 (Peg.
1214 2256 1266 2304 389.

163 2335 190 2380 ia
209 2334 279 2381 Bello
304 2332 456 2380 Catiliacric.
491 2329 561 2390 (Cap.
582 2331 620 2377 30.
639 2329 691 2378 Ed.
739 2329 789 2378 Ec
802 2329 887 2378 Geren.
899 2329 981 2389 1646.)

170 2409 260 2468 Wnss.)
285 2408 403 2454 'Ihnllissms
415 2406 472 2453 huic
485 2403 629 2452 cavillationi
642 2418 691 2450 non

829 2547 953 2554 -...--.--

168 2654 291 2727 general,
316 2655 341 2709 is
364 2654 537 2709 understood
559 2658 590 2709 to
611 2653 648 2708 be
671 2654 807 2725 accepted
831 2669 869 2707 ou
892 2652 942 2707 the
966 2653 1111 2708 condition
1131 2652 1195 2709 that
1217 2654 1268 2709 tho

167 2741 319 2795 victorious
332 2740 434 2813 pecpIe
446 2757 479 2795 or
489 2740 558 2811 king
571 2740 593 2795 is
605 2743 636 2794 tc
651 2739 807 2795 determine
819 2738 863 2794 his
874 2738 951 2794 fate:
974 2739 1008 2793 of
1024 2739 1113 2794 which
1127 2741 1268 2811 examples

168 2842 217 2881 cre
231 2832 262 2881 ιο
277 2827 313 2882 be
328 2827 417 2883 found
432 2827 462 2881 in
474 2828 593 2882 Gentius
605 2824 655 2881 the
673 2826 796 2897 Illyrian,
808 2825 865 2879 and
880 2826 1001 2880 Perseus
1012 2824 1063 2880 the
1074 2826 1269 2892 Macedonian,

168 2913 203 2967 oi
218 2912 309 2969 whom
321 2914 370 2969 the
385 2914 492 2969 former
505 2911 692 2968 surrendered
704 2911 821 2967 himself
830 2917 861 2966 ιο
874 2911 998 2976 Anicius,
1010 2910 1067 2965 and
1079 2910 1128 2966 the
1140 2911 1227 2967 latter
1238 2918 1268 2967 to

168 2998 283 3053 Paulus.

224 3084 293 3139 XII.
339 3084 400 3139 The
421 3083 564 3139 condition
579 3083 680 3149 added,
698 3084 761 3137 Ite
775 3092 801 3137 io
817 3084 845 3137 hc
859 3082 935 3136 solid
947 3083 979 3151 is
992 3082 1033 3135 the
1047 3082 1158 3135 Rornae
1171 3082 1271 3152 Pcople

169 3188 198 3225 sc
206 3172 298 3242 jodpc,
309 3170 400 3225 which
415 3188 472 3242 you
487 3170 566 3227 often
581 3170 641 3223 find
655 3170 685 3223 in
699 3170 890 3232 consentiens,
905 3167 961 3220 will
972 3166 1096 3238 produce
1111 3166 1161 3222 the
1176 3168 1267 3230 effect,

170 3257 233 3311 tbct
256 3257 282 3311 if
296 3256 359 3311 that
378 3258 505 3313 sanction
524 3257 560 3311 do
578 3262 629 3310 not
646 3256 749 3318 follow,
768 3255 818 3310 tha
835 3254 951 3325 general
968 3254 992 3306 is
1009 3252 1077 3307 held
1094 3258 1124 3308 ιο
1140 3252 1267 3324 nothing,

170 3350 270 3414 except
282 3359 313 3398 so
324 3343 369 3397 far
380 3360 410 3397 as
422 3343 459 3398 ho
471 3343 494 3397 is
505 3340 622 3397 himself
630 3339 759 3397 betterod
771 3341 810 3412 by
821 3340 871 3395 the
882 3339 1063 3394 transaction.

225 3429 308 3484 XIII.
353 3430 421 3484 Alco
436 3429 503 3501 they
519 3429 582 3483 who
597 3428 669 3483 have
684 3427 827 3499 promised
840 3432 871 3481 ιο
887 3427 951 3497 gire
968 3443 1007 3497 up
1019 3441 1036 3479 a
1047 3429 1123 3479 torm
1135 3441 1199 3496 may
1211 3423 1268 3480 dis·

169 3515 236 3570 miss
248 3515 297 3571 thc
309 3516 435 3587 garriscn
442 3530 451 3583 ;
471 3532 502 3571 as
514 3532 556 3570 we
567 3514 635 3570 read
647 3513 710 3569 that
720 3514 770 3569 the
781 3514 916 3568 Locriaus
928 3512 985 3565 did.
