3225 5125
318 322 380 389 178
698 329 750 383 DE
772 326 1036 386 POSTLIMINIO.
1274 326 1349 395 [Lm.
1362 328 1416 387 111.

153 516 264 563 emes.
273 517 291 560 r.
316 490 454 559 mulieris
470 489 688 580 prostitutione
704 491 869 572 emittitur,
887 491 1047 579 multaque
1062 489 1124 557 elie
1135 488 1209 577 jure
1225 490 1367 559 Romano
1384 492 1417 560 in

317 594 457 659 levorem
482 591 700 658 redimentium
725 598 758 658 et
782 612 906 679 poenem
932 590 1145 680 proximorum
1172 590 1227 677 qui
1256 612 1328 658 suos
1354 614 1417 659 non

317 691 476 759 redimunt
492 691 659 779 constitute
674 700 757 757 sunt

393 794 416 857 3
449 792 587 857 Rursum
603 799 727 856 anctum
744 798 793 857 est
809 790 988 877 postliminii
1006 790 1059 879 jus
1074 788 1145 879 lege
1161 788 1253 868 civili,
1270 811 1308 857 eo
1333 790 1417 878 qnod

318 913 380 957 non
397 912 436 955 ee
451 898 573 957 tentum
595 911 667 976 quse
687 888 721 954 in
737 889 924 975 postliminio
940 899 1014 956 sunt
1032 890 1106 978 juro
1126 888 1277 978 gentium,
1295 891 1351 957 sed
1367 912 1418 957 res

319 1012 434 1065 omnes,
447 989 522 1075 jure
546 988 650 1055 omnie
674 988 805 1074 perinde
828 989 984 1056 habentur
1007 1010 1044 1054 sc
1065 988 1092 1054 si
1112 988 1140 1054 is
1159 988 1213 1075 qui
1229 988 1324 1055 rediit
1340 1012 1417 1056 nun·-

317 1110 412 1175 quem
434 1087 568 1153 hostium
593 1087 711 1173 potitus
739 1095 840 1154 esset:
870 1089 953 1173 quod
983 1095 1016 1153 et
1037 1088 1111 1173 jure
1140 1088 1246 1154 Attico
1273 1088 1415 1157 obtinuit.

316 1188 411 1264 Nem,
429 1197 465 1253 ut
481 1186 565 1272 epud
583 1186 717 1252 Dionem
734 1188 949 1253 Prusaeensem
966 1186 1107 1254 oratione
1124 1208 1177 1253 xv.
1192 1185 1334 1275 legimus,
1350 1186 1417 1273 qui·

154 1307 303 1356 Pus-seeo·
319 1286 390 1351 dem
414 1285 522 1351 (lellise
546 1307 580 1351 se
604 1285 701 1352 lilium
726 1286 833 1352 dicens
858 1294 982 1373 ceptum
1006 1284 1040 1351 in
1063 1284 1151 1353 clnde
1170 1285 1211 1351 ed
1228 1287 1414 1363 Acanthum,

318 1391 350 1450 et
365 1385 510 1451 serviisse
526 1383 559 1449 in
576 1384 720 1463 Threcia,
738 1408 808 1451 cum
830 1385 972 1452 Athones
988 1384 1175 1472 postliminio
1190 1384 1344 1462 rediisset,
1360 1386 1415 1451 he·
1448 1444 1450 1449 .

317 1483 483 1550 reditetem
497 1483 603 1549 Gallie
619 1505 639 1548 a
656 1484 883 1571 possessoribus
898 1484 997 1570 petiit,
1015 1505 1072 1549 neo
1088 1483 1173 1550 eliud
1190 1482 1353 1569 quaesitum
1368 1492 1415 1551 est

155 1602 279 1650 1101410-
316 1582 478 1668 injudicio
496 1596 589 1669 quem
605 1604 647 1648 on
662 1582 688 1648 is
704 1593 818 1650 revere
831 1583 940 1649 Celliae
958 1592 1040 1649 esset
1054 1582 1144 1649 filius.
1190 1582 1278 1647 Idem
1296 1591 1413 1660 narret,

316 1682 486 1748 Messenios
502 1704 572 1747 cum
596 1681 691 1770 longo
715 1691 855 1769 tempore
877 1681 1066 1759 serviissent,
1089 1680 1216 1748 tendem
1236 1681 1414 1748 0111110110-

153 1797 298 1881 fflffi
316 1790 380 1847 tem
408 1790 440 1848 ct
466 1780 627 1870 regionem
654 1781 817 1870 recepisse.
868 1782 937 1847 Imo
961 1791 994 1847 et
1019 1802 1090 1867 quae
1117 1802 1174 1867 per
1196 1781 1413 1867 usucapionem

149 1869 240 1935 W*
315 1888 372 1945 eut
387 1880 600 1946 liberationem
618 1902 658 1946 ex
675 1880 762 1946 bonis
778 1882 947 1957 subtreots,
965 1878 1015 1946 vel
1032 1900 1094 1945 non
1111 1878 1227 1945 utendo
1243 1878 1332 1945 finite
1348 1901 1414 1945 esse

316 1979 513 2056 videbantur,
547 1978 670 2045 actione
693 1979 872 2048 rescissoris
896 1978 1122 2045 restituunturr
1155 1999 1229 2042 nem
1252 1977 1287 2043 in
1312 1978 1413 2045 edicto

166 2098 296 2184 &pff-ap,
317 2078 356 2143 de
377 2079 545 2165 majoribus
569 2077 603 2145 in
624 2078 782 2168 integrum
802 2078 1011 2153 restituendis,
1029 2077 1056 2143 is
1072 2076 1345 2165 comprehenditur
1361 2076 1415 2163 qui
1465 2068 1468 2075 ’

195 2173 205 2228 -’
295 2171 348 2242 ¹in
365 2179 500 2245 hostium
523 2185 756 2265 estpotestate.
807 2178 852 2243 111
873 2178 932 2243 hoo
948 2176 1073 2263 quidem
1094 2177 1183 2243 venit
1203 2197 1243 2241 ex
1260 2174 1335 2263 jure
1351 2177 1415 2243 Ro·

316 2299 408 2343 meno
424 2276 562 2362 antiquo.

388 2378 414 2439 4
447 2376 492 2441 At
508 2375 559 2441 lex
583 2374 728 2441 Cornelis
755 2373 849 2441 etiem
872 2374 1042 2443 heredibus
1066 2373 1219 2441 consuluit
1235 2396 1343 2441 eorum
1360 2374 1415 2460 qui

314 2472 398 2559 cepti
422 2474 508 2561 epud
530 2475 635 2539 hostes
657 2473 876 2541 decessissent:
902 2476 984 2541 bone
1008 2496 1117 2540 eorum
1137 2495 1323 2539 conservens
1344 2495 1415 2561 per-

313 2572 387 2639 inde
404 2573 492 2661 quesi
509 2573 563 2659 qui
587 2594 649 2638 non
670 2573 754 2639 redit
767 2573 834 2659 jem
856 2596 893 2640 eo
915 2583 1134 2661 temporeque
1152 2581 1261 2660 eaptus
1286 2582 1335 2639 est
1360 2573 1414 2639 de-

314 2672 463 2738 cessisset.
510 2673 590 2750 Qus
614 2671 689 2759 jure
711 2671 815 2738 civilis
837 2672 865 2738 si
889 2673 989 2750 tolles,
1012 2673 1098 2738 heud
1125 2672 1219 2738 dubie
1244 2672 1349 2739 stetim
1377 2680 1415 2737 ut

357 2850 453 2894 'Bona
463 2847 512 2904 eius
514 2846 606 2907 [1ιίνο
607 2847 714 2908 fesium
722 2861 840 2908 occupan-
891 2853 934 2896 aut
950 2849 1026 2896 0010111·
1040 2848 1071 2894 ub
1089 2848 1193 2894 10111110
1210 2848 1275 2908 capti
1290 2852 1311 2894 et
1327 2849 1416 2894 reensi

313 2923 382 2983 111111]
399 2922 461 2968 Vide
471 2923 543 2982 kpem
556 2922 742 2983 Wieiqoulre'ease
751 2923 806 2970 Lib.
815 2936 840 2970 v.
891 2923 984 2969 domim
1009 2923 1170 2978 rmituantetn
1183 2922 1206 2967 ri
1225 2935 1271 2967 non
1289 2927 1342 2968 runt
1361 2927 1415 2967 ante

313 2997 351 3043 tit
363 2997 393 3042 iv.
404 3011 424 3043 0.
435 2998 473 3044 111.
891 2998 922 3044 ab
939 2997 1014 3044 altero
1031 2996 1180 3043 vadentibus
1196 2995 1301 3042 hortibus
1313 2997 1338 3041 111
1352 3010 1414 3042 com·

359 3070 468 3117 eseam
485 3086 546 3132 erpo
565 3069 679 3131 alienati]
705 3071 741 3118 At
761 3071 840 3118 edicto
891 3072 976 3120 morcio
986 3073 1125 3132 comparati.
1138 3071 1289 3133 ((1011148.)
1318 3071 1380 3118 Vide
1389 3075 1416 3117 et

314 3145 457 3193 Theoderici
476 3147 512 3193 ite
531 3147 689 3194 constitutum
710 3150 759 3193 est:
778 3147 841 3193 serui
892 3147 1162 3194 (101110101011111.13.
1192 3146 1229 3194 At
1242 3146 1292 3206 lege
1305 3145 1415 3206 Wisigot-

369 3401 386 3451 3
407 3395 506 3467 hgein,
522 3397 571 3452 the
586 3398 723 3470 privilege
733 3415 789 3452 ves
804 3395 945 3454 extended
959 3395 1057 3468 hythe
1071 3398 1183 3451 Romen
1195 3394 1253 3451 end
1263 3393 1341 3450 Attio
1352 3394 1414 3460 lev,

284 3495 292 3508 ⁴
312 3496 344 3535 so
358 3479 421 3533 thet
435 3481 473 3534 ell
487 3481 577 3552 rights
592 3499 664 3539 vere
678 3484 804 3538 restored
819 3492 849 3539 10
865 3483 914 3538 the
930 3499 1040 3554 person.
1087 3483 1126 3536 So
1143 3498 1161 3536 e
1181 3498 1292 3553 person,
1311 3482 1415 3552 calling

311 3563 429 3618 himself
443 3565 558 3620 theson
578 3567 611 3621 01
629 3568 740 3633 (1111100,
758 3569 822 3623 vvho
836 3568 892 3624 hed
911 3569 985 3624 been
1005 3584 1023 3623 e
1043 3567 1121 3623 elevo
1135 3569 1164 3622 in
1179 3568 1297 3633 Thrace,
1310 3565 1414 3638 having

311 3649 384 3702 been
397 3649 483 3704 taken
494 3651 524 3705 in
536 3651 584 3706 the
597 3651 692 3708 defeat
703 3659 733 3708 et
741 3653 894 3717 Acanthus,
906 3654 1041 3710 returned
1049 3661 1081 3709 10
1092 3654 1208 3719 Athens,
1226 3654 1283 3708 end
1294 3653 1414 3708 olnimed

311 3731 361 3786 the
373 3733 548 3791 inheritenoe
556 3737 589 3791 01
598 3738 699 3793 Celliss
710 3738 785 3795 from
797 3740 846 3794 the
858 3757 1011 3811 possessore
1024 3740 1057 3795 01
1065 3741 1101 3805 it;
1115 3737 1180 3804 end,
1191 3741 1220 3793 in
1232 3739 1282 3795 the
1294 3739 1366 3804 triel,
1375 3755 1414 3793 no

311 3818 430 3890 enquiry
438 3837 494 3875 ves
508 3822 600 3887 mede,
610 3832 710 3896 except
724 3825 851 3880 whether
864 3824 901 3880 he
913 3842 985 3881 were
997 3825 1046 3880 the
1058 3842 1109 3880 son
1120 3826 1154 3880 01
1163 3825 1272 3880 Gellius.
1311 3825 1350 3879 So
1364 3823 1415 3879 the

311 3901 493 3970 Messeniens,
515 3907 590 3962 efter
609 3909 676 3981 long
698 3911 847 3974 servitude,
869 3911 1021 3966 recovered
1044 3909 1119 3966 their
1141 3909 1245 3983 liberty
1265 3909 1320 3965 end
1339 3909 1415 3964 theIr

311 3994 438 4130 pountry.
463 3991 543 4047 Even
557 3993 631 4048 vhet
645 3994 702 4050 hed
716 3995 853 4051 beenlost
867 3995 905 4070 by
917 3996 1092 4068 usucaption,
1106 4013 1139 4052 or
1153 3997 1309 4061 otherwise,
1324 3993 1415 4066 might

332 4075 519 4130 ereoovered.

370 4165 388 4213 4
409 4159 471 4216 'l'he
491 4161 640 4218 Corneliam
661 4165 713 4219 lev
732 4166 869 4238 provided
887 4168 933 4222 101
947 4167 996 4223 the
1018 4168 1093 4223 heire
1113 4167 1148 4223 01
1164 4166 1245 4223 those
1266 4164 1328 4219 who
1347 4165 1414 4219 died

312 4245 395 4301 while
409 4247 439 4300 in
454 4246 503 4302 the
514 4250 645 4304 enemies'
656 4250 754 4306 hende.
791 4253 822 4306 11
833 4253 889 4308 this
903 4253 960 4308 hed
978 4261 1029 4308 not
1043 4254 1115 4310 been
1130 4270 1170 4316 so,
1184 4270 1240 4324 eny
1254 4267 1308 4307 one
1323 4249 1414 4321 might

312 4328 384 4386 heve
398 4333 489 4388 soized
503 4333 578 4388 their
595 4345 737 4408 property,
757 4337 803 4392 101
823 4337 891 4410 they
905 4356 978 4394 vvere
992 4339 1133 4394 rockoned
1148 4356 1179 4394 ss
1194 4337 1338 4400 nullified3
1357 4335 1414 4390 end

313 4416 338 4469 if
356 4417 422 4490 they
436 4421 577 4487 returned,
590 4420 648 4476 hed
665 4439 703 4476 no
720 4423 805 4495 right,
828 4431 928 4497 except
948 4432 979 4481 10
994 4425 1197 4498 postliminium
1205 4427 1270 4498 jure
1284 4423 1411 4496 peretum.
