3225 5125
338 355 379 420 62
486 368 539 422 DE
561 367 686 422 BELLO
708 365 829 420 JUSTO
852 364 940 418 SIVE
963 363 1132 419 SOLENNI
1153 364 1253 419 June
1296 363 1370 435 [hm.
1383 364 1439 418 111.

336 533 535 622 pugnandam
559 530 646 618 prius
669 531 710 597 ad
734 551 842 617 pacem
860 529 1048 596 invitarent:
1073 528 1157 615 qnod
1176 549 1246 593 cum
1263 527 1441 614 specialiter

335 633 380 698 illi
398 633 512 719 populo
529 630 637 697 datum
661 631 711 708 sit,
730 629 811 694 male
827 650 848 694 a
864 628 1018 694 nonnullis
1035 650 1104 694 cum
1121 627 1194 714 jure
1211 628 1352 716 gentium
1368 649 1441 693 con-

335 731 485 798 funditur.
537 732 649 816 Neque
672 729 753 796 enim
777 735 847 794 erat
871 727 925 793 illa
947 727 1179 813 qualiscumque
1204 749 1277 814 pax,
1303 727 1359 792 sed
1382 729 1441 795 sub

335 831 406 920 lege
426 829 622 917 subjectionis
648 825 821 895 attributi.
870 828 975 914 Cyrus
997 848 1067 891 cnm
1091 826 1124 890 in
1143 827 1304 914 regionem
1328 828 1441 892 Arme-

336 930 457 995 niorum
475 928 676 1016 pervenisset,
695 936 862 1012 antequam
879 933 1007 991 noceret
1020 925 1162 1012 cuipiam,
1176 924 1260 991 misit
1273 925 1316 990 ad
1330 947 1441 1014 regem

335 1029 390 1115 qui
407 1029 546 1095 debitum
570 1050 610 1094 ex
632 1027 741 1093 federe
762 1025 915 1092 tributum
938 1033 972 1090 et
992 1024 1121 1090 militem
1143 1023 1327 1112 exigerent:
1353 1026 1441 1102 νομί-

338 1125 401 1222 ζων
424 1122 644 1221 φιλικώτερον
677 1129 757 1195 εἶναι
793 1120 907 1201 οὕτως,
934 1119 953 1204 ἢ
978 1121 1022 1206 μή
1049 1119 1254 1217 προειπόντα
1281 1120 1440 1216 πορεύεσ-

337 1231 402 1304 θαι,
428 1230 603 1293 humanius
628 1229 666 1292 id
693 1228 885 1292 ecietimant
906 1245 1007 1309 quom
1028 1225 1060 1289 ei
1083 1225 1174 1288 altro
1199 1225 1329 1289 deremet
1353 1225 1443 1289 citit

171 1325 645 1440 ceccgmcproedtcear,ut1n
677 1346 715 1389 ea
740 1322 871 1389 historia
898 1322 1073 1408 Xenophon
1095 1320 1242 1407 loquitur.
1290 1323 1440 1388 Ceterum

332 1427 404 1513 jure
421 1425 561 1515 gentium
585 1425 627 1490 ad
650 1425 777 1490 effectus
801 1421 871 1486 illos
893 1418 1065 1508 peculiares
1086 1421 1228 1486 omnibus
1252 1420 1374 1486 casibus
1389 1443 1440 1487 re·

336 1525 469 1612 quiritur
485 1523 687 1600 denuntiatio,
703 1544 766 1588 non
782 1519 938 1607 utrinqne,
956 1520 1012 1585 sed
1029 1520 1069 1586 ab
1086 1519 1186 1586 altera
1203 1520 1366 1606 partium⁵.

410 1625 486 1693 Vll.
530 1626 548 1688 1
585 1622 648 1690 Sed
673 1623 740 1687 hacc
763 1618 956 1686 denuntiatio
981 1627 1038 1685 aut
1060 1618 1271 1686 conditionata
1292 1627 1348 1697 est,
1379 1628 1437 1686 ant

335 1745 423 1812 pura.
468 1721 695 1799 Conditionate,
713 1720 766 1787 nbi
792 1740 862 1785 cnm
887 1741 995 1784 rerum
1019 1718 1205 1806 repetitione
1228 1717 1437 1806 conjungitur.

335 1826 474 1888 ⁰Rerum
488 1829 592 1888 autem
609 1820 813 1907 repetitarum
831 1817 954 1884 nomine
966 1818 1020 1904 jus
1036 1818 1144 1883 feciale
1156 1817 1439 1905 comprehendebat

335 1944 397 1987 non
414 1928 537 1988 tentum
559 1920 796 1987 vindicationem
819 1941 860 1984 ex
874 1918 948 2004 jure
969 1917 1106 1994 dominii,
1130 1918 1186 1983 sed
1202 1926 1235 1983 et
1250 1916 1438 2004 persecutio-

319 2044 406 2088 nem
423 2022 499 2107 ejus,
517 2021 601 2107 qnod
625 2042 664 2088 ex
687 2041 779 2086 causa
800 2018 882 2084 civili
905 2025 961 2084 aut
979 2016 1115 2083 oriminis
1136 2017 1278 2093 debetur,
1298 2024 1334 2081 nt
1350 2025 1437 2082 recte

335 2120 470 2206 explicat
486 2119 644 2186 1'Sorrina
697 2120 776 2184 Inde
800 2117 878 2182 illud
903 2116 937 2180 in
961 2115 1111 2192 formulis,
1137 2117 1244 2191 reddi,
1270 2118 1434 2199 satisfieri,

335 2221 413 2284 dedi
423 2245 434 2293 ,·
459 2218 512 2284 nbi
530 2221 615 2292 dedi,
634 2225 670 2282 ut
687 2217 759 2282 alibi
777 2216 920 2290 diximus,
938 2213 1175 2302 intelligendum
1191 2222 1249 2291 est,
1267 2214 1300 2279 ni
1324 2214 1437 2301 punire
1483 2251 1487 2256 -

334 2327 454 2382 sontem
472 2315 582 2381 malint
605 2314 665 2402 ipsi
687 2314 742 2400 qui
761 2312 997 2379 conveniuntur.
1048 2314 1140 2378 Hanc
1156 2335 1262 2378 rernm
1278 2313 1436 2402 repetitio-

379 2465 389 2495 θ
404 2464 507 2520 Quidni,
522 2478 571 2509 non
584 2464 758 2520 indictobollc,
772 2465 861 2525 aliquis
909 2463 1023 2510 Pnrntam
1036 2464 1145 2512 deBello
1158 2465 1248 2526 Cyprio
1261 2466 1314 2514 Lib.
1323 2483 1341 2513 r.
1365 2466 1436 2512 Bina-

332 2553 400 2587 arma
409 2538 484 2585 morit
493 2537 605 2585 adversus
613 2538 723 2597 alterum,
733 2542 758 2585 et
768 2538 801 2583 sic
811 2539 859 2596 isti,
907 2549 962 2583 rum
979 2536 1032 2585 Lib.
1043 2550 1124 2585 xxnr.
1142 2539 1172 2587 de
1187 2540 1279 2589 Turris.
1304 2541 1435 2602 Reinking.

333 2616 375 2677 qui
385 2629 436 2662 sese
447 2614 573 2661 defendere
587 2614 690 2674 cogitur,
704 2628 751 2660 non
761 2615 861 2675 reliquit
907 2610 962 2658 Lib.
971 2624 1000 2657 ιι.
1012 2612 1087 2659 classe
1093 2612 1126 2659 iii.
1137 2628 1190 2673 cap.
1198 2618 1222 2663 4.

331 2692 412 2738 loonm
427 2705 456 2737 ac
471 2694 569 2749 tempus
589 2690 647 2735 belli
666 2690 806 2737 indicendi?
827 2703 859 2735 an
952 2685 1089 2745 iSmim]
1114 2687 1155 2735 ad
1172 2701 1199 2736 x.
1216 2689 1340 2737 AEaeidoe.
1359 2692 1435 2752 (rere.

331 2762 380 2808 tale
390 2762 480 2807 bellum
494 2760 547 2805 ideo
560 2760 663 2805 minores
674 2760 780 2815 effectus,
795 2758 859 2805 dure
907 2760 959 2820 14.)

330 2837 448 2897 gentium,
457 2835 572 2881 habebit?
601 2834 696 2882 Deinde
707 2836 806 2881 effectus
815 2834 858 2892 illi,
951 2834 1085 2894 epitatus]
1099 2835 1173 2881 Libro
1184 2847 1254 2881 χιιι.
1264 2838 1285 2882 2.
1315 2838 1437 2899 Etlegati

331 2912 421 2959 scilicet
430 2911 567 2971 impunitas,
578 2911 652 2971 etjua
661 2910 725 2957 bello
736 2915 807 2969 capta
814 2924 858 2971 pro
906 2924 959 2955 eum
974 2910 1009 2957 ad
1024 2911 1100 2957 tortae
1119 2910 1262 2970 clericatum
1280 2911 1435 2973 minamur,

331 2986 381 3034 suis
389 2986 515 3042 retinendi,
528 2998 573 3031 neo
583 2999 613 3031 cx
623 2984 759 3041 indictione,
773 2996 819 3029 nec
828 2998 859 3030 ex
906 2984 935 3030 id
942 2988 983 3041 ert,
997 2999 1036 3031 rer
1051 2989 1137 3045 raptor
1151 2984 1215 3031 clare
1228 2987 1358 3046 repetitum,
1373 3004 1436 3037 nane

331 3061 392 3108 iure
407 3060 511 3119 quodam
528 3057 643 3105 Gentium
658 3056 793 3103 voluntarie
810 3057 858 3103 ori·
906 3058 986 3119 utique
1007 3058 1162 3105 Verbenare'ar
1177 3059 1316 3107 vocabatur.
1348 3060 1383 3108 Et
1404 3066 1435 3111 de

331 3136 421 3190 untur;
437 3135 465 3176 nt
475 3144 518 3175 suo
528 3129 581 3175 loco
592 3128 739 3174 ostendimus
749 3128 774 3173 in
786 3127 859 3175 llotie
907 3133 1020 3180 Verbera
1031 3148 1106 3193 egene
1119 3134 1181 3179 libro
1192 3146 1257 3181 xxv.
1269 3135 1292 3183 9.
1324 3136 1386 3184 Hoec
1400 3144 1435 3186 ert

331 3204 420 3255 noch-ie
430 3206 536 3253 Gallicis.
567 3205 596 3253 J.
607 3205 640 3251 B.
907 3221 979 3267 pann
992 3208 1160 3268 &quorsom
1175 3208 1210 3254 nd
1222 3209 1301 3255 toea
1316 3200 1435 3259 Miceri-

376 3282 492 3329 enema
506 3280 659 3341 repetitarum
674 3276 775 3339 nomiae]
796 3277 860 3325 Vide
907 3296 967 3331 mar.
992 3281 1435 3335 VideServinmedrxetx.AEaeid.

332 3495 456 3568 wrongly
469 3495 508 3565 by
523 3510 600 3547 some
614 3492 795 3547 confounded
808 3492 874 3547 with
888 3493 938 3548 the
952 3495 1019 3549 Law
1033 3494 1067 3549 of
1077 3496 1206 3550 Natione.
1238 3496 1337 3567 Cyrus,
1351 3495 1432 3550 when

332 3582 368 3634 he
380 3580 437 3633 had
452 3595 532 3633 come
553 3579 614 3631 into
633 3576 683 3631 the
702 3584 822 3649 country
839 3578 873 3631 of
890 3579 939 3633 the
961 3580 1136 3645 Armeniam,
1150 3580 1248 3635 before
1262 3581 1299 3635 he
1313 3580 1361 3633 did
1375 3597 1432 3652 any

331 3664 412 3718 harm
430 3670 461 3717 to
478 3680 535 3733 any
552 3678 614 3724 one,
634 3667 697 3716 sent
715 3679 831 3734 persons
845 3669 876 3717 to
896 3664 945 3719 the
956 3664 1025 3736 king
1040 3671 1070 3720 to
1090 3666 1200 3721 achior
1215 3665 1263 3722 the
1279 3666 1432 3737 appointed

332 3750 438 3805 tribute
456 3748 513 3803 and
534 3746 666 3813 soldicre3
685 3748 807 3819 thinking
828 3750 886 3803 thot
904 3768 978 3805 more
995 3753 1110 3806 tamone
1130 3753 1196 3806 etna
1210 3762 1236 3805 to
1250 3754 1345 3807 maret
1358 3770 1433 3823 tepora

332 3836 387 3888 tim
401 3835 512 3889 without
526 3832 616 3898 notice,
632 3851 662 3888 ns
676 3833 838 3905 Xenophon
853 3852 915 3906 says
930 3837 960 3889 in
974 3836 1024 3892 the
1040 3838 1211 3908 Oyrcpcedio.
1257 3838 1315 3891 But
1329 3837 1367 3908 by
1382 3836 1432 3892 the

331 3920 398 3973 Lare
412 3920 446 3975 of
456 3920 585 3984 Nations,
600 3938 618 3975 a
632 3920 803 3975 declaration
819 3920 852 3975 of
863 3938 920 3975 war
933 3922 957 3975 ie
972 3924 1105 3993 requisite
1123 3924 1153 3976 in
1167 3923 1207 3976 all
1221 3939 1298 3977 casce
1320 3928 1349 3977 to
1368 3924 1432 3994 gire

331 4006 460 4059 occasion
471 4006 517 4059 for
531 4005 611 4060 these
625 4006 750 4076 poculiar
762 4007 875 4071 effects;
893 4012 945 4061 not
958 4024 996 4062 on
1010 4007 1081 4062 both
1094 4008 1177 4072 eides,
1190 4008 1242 4062 but
1257 4025 1295 4062 on
1311 4024 1374 4062 one.

385 4092 450 4146 VII.
498 4096 512 4145 1
543 4091 600 4144 But
623 4090 692 4145 ench
718 4108 736 4144 a
757 4091 930 4147 declaration
951 4093 974 4147 ie
997 4093 1087 4148 either
1107 4094 1278 4148 conditional
1295 4109 1328 4148 or
1342 4110 1431 4165 pure3

331 4176 511 4241 conditional,
525 4174 606 4231 when
616 4178 639 4229 it
649 4177 672 4230 is
687 4178 836 4247 conjoinod
847 4177 914 4231 with
929 4196 946 4232 a
960 4178 1081 4233 demand
1096 4179 1141 4233 for
1154 4179 1204 4233 the
1218 4180 1387 4233 restoration
1402 4179 1435 4234 of

330 4264 380 4319 the
398 4263 492 4334 things
518 4262 547 4315 in
569 4262 706 4333 question.
743 4263 800 4316 But
827 4263 917 4317 under
940 4264 990 4318 the
1016 4264 1193 4319 domandos
1212 4265 1381 4319 restoration
1400 4265 1434 4319 of

330 4349 433 4420 things,
447 4348 497 4403 the
508 4348 603 4402 Fecial
621 4348 687 4401 Law
701 4348 929 4419 comprehended
942 4355 993 4404 not
1008 4350 1074 4422 only
1088 4350 1224 4404 demands
1238 4351 1276 4421 by
1290 4350 1340 4406 the
1354 4350 1431 4421 right

331 4435 364 4489 of
375 4432 539 4505 ownership,
554 4432 605 4488 but
619 4433 679 4487 aleo
694 4432 743 4487 the
761 4435 923 4505 promotion
937 4436 971 4489 of
987 4434 1123 4507 anything
1138 4435 1228 4489 which
1244 4453 1300 4490 was
1315 4436 1371 4490 due
1384 4436 1431 4490 for

330 4520 394 4575 civil
408 4521 504 4577 claime
519 4537 552 4574 or
566 4518 693 4575 criminal
707 4524 766 4575 acts
773 4539 782 4587 ι
800 4536 830 4575 as
842 4520 955 4576 Servius
969 4520 1075 4593 rightly
1088 4521 1221 4592 explains.
1267 4522 1366 4577 Hence
1380 4520 1430 4577 the
