3225 5125
311 306 331 365 8
570 316 761 381 QUANTUM
783 316 828 370 1N
849 315 973 369 BELLO
996 314 1143 379 LlOEAT,
1277 310 1350 385 [Lru.
1363 317 1416 371 111.

312 478 437 543 modum
456 500 506 543 res
522 500 644 566 quoque
661 479 727 565 ejus
743 478 822 565 oapi,
840 487 873 543 et
890 478 1057 543 dominium
1074 500 1182 545 earum
1200 478 1297 545 debiti
1312 502 1418 545 eonse-

313 577 428 664 quendi
444 600 537 644 causa
552 580 650 665 quaeri
668 578 792 665 poterit.
846 578 879 644 si
895 579 1042 644 damnum
1059 580 1197 645 nondum
1214 579 1346 656 dederit,
1363 580 1418 646 sed

147 697 228 753 ravon
241 697 298 735 reo·
314 678 390 743 dare
408 677 551 755 voluerit,
570 678 623 765 jus
640 678 701 745 erit
717 700 823 743 rerum
845 678 1019 743 retentione
1037 700 1107 743 eum
1130 700 1244 766 eogere
1260 688 1297 745 ut
1313 679 1354 745 de
1370 679 1419 745 fu·

149 745 279 837 iii-‘m'
313 786 385 843 turo
411 787 522 843 caveat
546 778 712 853 obsidibus,
737 777 928 866 pignoribus,
954 788 1010 843 aut
1033 778 1095 843 alio
1118 780 1220 843 modo.
1274 779 1418 858 Quodsi

313 886 470 965 praeterea
495 877 728 944 evidentissima
745 877 786 943 eit
812 877 910 942 boetia
927 878 988 942 mei
1012 877 1046 942 in
1062 900 1113 943 me
1133 877 1293 966 injustitia,
1318 888 1351 945 et
1367 878 1419 945 ille

314 998 385 1043 oum
408 977 538 1043 inbelle
563 976 752 1063 iniquissimo
775 976 946 1053 confirmet,
960 976 1027 1063 jam
1052 999 1115 1043 nou
1136 988 1259 1043 tantum
1284 977 1418 1045 uiriliter

358 1164 370 1189 θ
385 1156 492 1204 Publice
501 1156 685 1217 ripnffiootionea
692 1155 763 1217 fleri]
780 1156 843 1203 Vide
893 1156 1006 1217 deineepa
1014 1155 1122 1203 habitum
1133 1160 1177 1203 eat.
1199 1156 1238 1203 Sie
1248 1159 1274 1203 et
1280 1156 1366 1203 Dauire
1375 1172 1418 1204 rex

314 1231 424 1290 exempla
430 1232 454 1277 iu
462 1232 525 1279 bello
531 1232 652 1278 communi
657 1236 742 1278 eontra
747 1231 843 1293 AEgyp-
892 1232 975 1289 aenait,
984 1245 1039 1277 eum
1048 1244 1112 1277 anuo
1127 1231 1173 1278 olo
1181 1232 1211 1278 lo
1218 1244 1301 1278 xcvrr.
1316 1233 1347 1277 ad
1358 1231 1419 1277 Hol-

314 1308 709 1369 tioa,8araeeuoa,aliorque,e.ult.
718 1309 843 1355 dalhuno
891 1305 978 1352 laudea
992 1320 1123 1366 eorumque
1136 1307 1258 1353 federatoe
1272 1306 1418 1368 legationem

314 1383 452 1441 actionibus,
463 1398 483 1429 ο.
495 1382 647 1443 significarit,
659 1396 688 1429 11.
699 1383 729 1429 de
737 1382 841 1430 Jaaetoeo.
892 1382 1007 1439 ιοίιιοιοι,
1015 1396 1064 1442 qua
1072 1382 1207 1428 hbertatem
1219 1382 1347 1443 navigandi
1355 1396 1418 1427 mar-

314 1456 494 1515 Fmtraragante
505 1456 533 1503 de
542 1456 645 1514 Jeme,
661 1470 684 1505 e.
694 1457 811 1517 eopioaue,
822 1470 841 1503 1.
892 1470 980 1516 reaque
993 1456 1086 1502 terendi
1101 1456 1126 1502 iu
1136 1456 1285 1517 Hispaniam,
1300 1470 1354 1502 eum
1370 1470 1419 1517 qua

314 1531 388 1578 Liber
403 1530 545 1579 Consulatus
560 1532 636 1578 morio
653 1532 731 1579 editur
744 1536 781 1578 eat
795 1532 843 1577 lin-
893 1531 1008 1577 Hellandi
1026 1532 1117 1579 bellum
1137 1534 1254 1593 gerebant
1269 1533 1419 1589 acerrimum,

314 1620 364 1667 gua
379 1607 471 1666 Italion,
486 1606 512 1652 in
528 1621 600 1667 quem
616 1608 699 1654 relatae
714 1612 771 1654 aunt
784 1622 843 1653 eon·
891 1606 941 1652 auia
955 1606 1099 1655 riudloabat.
1128 1608 1204 1668 Apud
1221 1608 1304 1655 Galloa
1320 1609 1420 1655 libertae

314 1682 453 1728 stitutionea
469 1683 644 1743 Imperatorum
660 1683 768 1739 Groeeire,
783 1684 844 1729 Ale-
893 1686 1051 1728 marmturam
1067 1683 1194 1729 exereendl
1209 1684 1300 1743 paeatia
1315 1684 1419 1744 populia,

315 1758 408 1815 mania,
429 1772 513 1819 regum
534 1758 690 1815 Francorum,
711 1758 842 1819 Hiepeuire,
893 1756 965 1803 etiam
975 1757 1041 1817 apud
1050 1770 1091 1804 eoa
1098 1758 1139 1818 qui
1147 1757 1232 1803 Gallim
1241 1758 1321 1804 hortea
1330 1766 1420 1817 eareat,

316 1833 397 1893 Syna,
420 1833 500 1895 Cypri,
521 1834 664 1891 Belem-ium,
686 1834 845 1892 Venetorum,
893 1846 989 1892 aemper
997 1834 1126 1892 permiaaa3
1136 1832 1264 1893 etquidem
1274 1834 1334 1880 adeo
1343 1834 1418 1880 india·

317 1908 489 1964 Genuenaium,
497 1908 565 1969 eujus
575 1908 630 1953 libri
640 1908 712 1955 titulo
720 1921 844 1956 cenxxrr.
893 1912 966 1963 orate,
976 1912 1005 1954 ut
1014 1908 1096 1954 boatea
1105 1922 1169 1966 rape
1178 1908 1223 1954 rub
1230 1908 1314 1955 alienia
1323 1909 1418 1955 uomin-

316 1988 453 2030 tractautur
468 1983 540 2043 hujus
552 1984 649 2044 gener-ir
662 1986 844 2031 controversia:
893 1982 947 2028 ibae
956 1996 994 2028 rea
1004 1996 1058 2028 aum
1068 1983 1228 2043 multumne
1240 1988 1269 2030 ut
1277 1988 1379 2043 apparet
1388 1998 1419 2030 ax

317 2072 345 2103 aa
361 2059 395 2105 aio
411 2058 531 2116 definitur,
553 2059 613 2107 alet
627 2060 694 2106 narie
711 2064 737 2107 et
755 2074 845 2107 mereea
894 2058 972 2104 adlato
992 2072 1056 2103 auno
1073 2058 1242 2106 oloonmrr.
1256 2060 1335 2120 eapite
1352 2072 1418 2106 mr.

317 2134 421 2179 boatium
437 2134 494 2192 aiut,
509 2148 560 2179 rem
576 2148 628 2180 eaae
642 2134 667 2180 in
683 2140 775 2194 aperto,
794 2134 845 2181 fieri
894 2134 959 2193 quod
973 2133 1087 2179 nuatum
1102 2138 1139 2179 eat
1148 2133 1174 2178 lu
1184 2134 1289 2180 edietum
1302 2134 1359 2181 aunl
1372 2136 1418 2181 elo

317 2221 346 2254 ea
362 2208 520 2268 capientium:
535 2208 621 2253 alvaro
637 2210 703 2253 navia
714 2209 745 2253 alt
760 2222 844 2267 paoem
893 2208 1044 2252 Iouxxxrr.
1063 2211 1089 2251 et
1107 2209 1242 2266 aequentla.
1280 2210 1314 2255 lia
1334 2210 1419 2257 edietia

317 2278 455 2334 colentium,
470 2290 561 2322 meroen
570 2281 652 2322 autem
662 2277 775 2333 boatium,
789 2278 844 2336 ungi
891 2280 981 2327 diaerte
1003 2285 1108 2337 earatur,
1130 2287 1158 2327 ιιι
1184 2282 1310 2330 Gallorum
1336 2286 1420 2333 amicir

317 2365 387 2411 perae
397 2353 428 2396 ab
438 2351 475 2396 hle
485 2352 526 2411 qul
540 2351 628 2396 bellum
639 2355 733 2410 gerant,
749 2363 844 2407 navem,
891 2355 963 2401 liceat
978 2356 1036 2401 belli
1050 2360 1159 2415 tempore
1172 2371 1283 2405 exemere
1299 2369 1420 2408 mereatu-

318 2430 347 2471 ut
359 2438 450 2471 mercer
460 2438 499 2471 eea
514 2425 539 2469 in
555 2424 659 2485 aliquem
670 2430 767 2485 portum
777 2425 844 2471 dete·
891 2443 951 2487 ram,
972 2430 1103 2476 dummodo
1121 2430 1171 2476 auia
1186 2433 1294 2490 naribua,
1315 2448 1421 2495 meaque

317 2504 362 2557 rat,
378 2500 462 2559 quirit
477 2512 573 2545 amram
585 2500 700 2559 partium,
713 2500 749 2545 ita
762 2503 843 2546 ιιιιιιοο
892 2517 936 2565 per
946 2504 1062 2563 hominen,
1076 2519 1197 2568 aavaaque
1206 2520 1234 2553 ae
1243 2521 1343 2567 mereea,
1357 2524 1419 2571 que-

317 2575 572 2635 utreeturapretium
582 2580 662 2622 nautae
676 2576 789 2623 abluatur.
819 2576 844 2622 Si
892 2592 996 2639 eumque
1017 2580 1095 2626 virum
1119 2581 1178 2641 ipeia
1198 2587 1262 2630 earet
1281 2585 1421 2645 perducere,

317 2656 402 2698 eontra
412 2651 478 2696 naria
487 2650 581 2697 hostilia
591 2651 672 2708 tuerit,
687 2665 777 2699 meroen
786 2657 844 2699 'vero
892 2655 949 2702 dura
958 2670 988 2703 ue
995 2670 1086 2703 mereea
1094 2671 1128 2703 eae
1136 2658 1184 2705 aiut
1191 2660 1420 2720 belliiuatrumeuta,

317 2727 427 2782 aliorum,
438 2727 468 2772 de
478 2740 538 2772 nave
548 2727 746 2788 transigendum:
760 2729 845 2786 autel
893 2732 982 2792 quibua
996 2745 1035 2778 rea
1048 2733 1152 2779 hortium
1161 2734 1339 2785 ierarevelint:
1354 2739 1420 2798 quod

317 2801 396 2847 nolint
405 2806 515 2848 ractores
526 2801 666 2862 transigere,
681 2803 802 2862 eogendoa
816 2807 845 2850 ιιι
892 2808 913 2854 al
926 2807 969 2853 fiat
984 2807 1133 2869 permittitur
1143 2809 1221 2855 Gallia
1238 2811 1297 2857 talia
1310 2813 1367 2859 belli
1381 2814 1419 2859 in.

317 2890 372 2923 eum
382 2875 437 2921 nari
451 2881 507 2922 eant
521 2876 546 2921 in
560 2882 657 2936 portum
674 2877 777 2937 uliquem
788 2891 845 2938 par·
893 2885 1027 2928 amumeuta
1038 2883 1084 2928 eibi
1096 2897 1197 2941 rumare,
1212 2886 1335 2944 persoluto
1350 2901 1420 2948 reque

318 2953 378 2997 tium
393 2951 517 3011 capientia,
539 2955 564 2997 et
579 2957 607 2998 ut
626 2951 730 3010 capienti
750 2953 845 3000 aolraut
893 2958 981 3018 pretio.
1013 2958 1059 3004 Hie
1076 2959 1125 3004 duo
1140 2959 1253 3017 nomuda
1271 2961 1309 3006 hia
1324 2962 1420 3023 legibue

317 3026 422 3086 pretium
436 3027 500 3086 quod
512 3026 633 3085 pronuvir
648 3040 692 3072 usu
704 3027 846 3075 debebatur.
894 3046 938 3078 nee
952 3031 1011 3079 belli
1025 3032 1185 3080 iustrumenta
1202 3035 1227 3079 iu
1242 3037 1347 3095 praedam
1368 3051 1420 3084 ωο-

317 3103 391 3161 Apud
397 3101 530 3146 Hellandoa
538 3101 845 3153 anuooloeoeoxxxvnr.
893 3108 961 3163 eirea,
975 3107 1052 3152 multo
1061 3108 1139 3168 magia
1148 3109 1179 3154 ab
1189 3123 1218 3154 eo
1232 3111 1339 3169 periculo
1349 3113 1419 3158 abiu-

316 3192 371 3225 eum
378 3178 468 3224 bellum
476 3179 534 3238 ipeia
542 3183 605 3224 earet
613 3192 667 3224 eum
678 3179 774 3226 Lubeea
781 3181 845 3227 aliia-
893 3183 940 3230 irae
950 3197 1040 3229 mereea
1050 3182 1168 3228 innoxiae.
1194 3183 1249 3230 Non
1258 3199 1343 3245 negem
1353 3187 1419 3233 aliud

316 3267 363 3315 que
373 3255 512 3302 civitatibus
522 3256 553 3300 ad
564 3268 629 3300 mare
635 3255 754 3302 Baltleum
765 3262 790 3304 et
798 3258 845 3304 Al·
889 3257 930 3318 jua
955 3271 1082 3317 usurpatae
1105 3256 1225 3304 interdum
1249 3262 1420 3318 aeptentrionia

316 3331 365 3376 blm
382 3330 442 3388 uitia,
462 3331 590 3390 frequente
608 3335 692 3376 uenatu
708 3331 844 3390 Judioatum
892 3336 985 3392 gentas,
1000 3333 1043 3378 red
1052 3331 1125 3390 varie,
1141 3345 1171 3377 ax
1181 3345 1226 3377 uau
1236 3335 1313 3393 magia
1324 3341 1420 3396 tempo.

317 3410 361 3462 eat,
382 3405 454 3451 etium
473 3405 498 3449 in
509 3405 613 3449 boatium
624 3405 724 3450 naribua
736 3411 845 3465 repertae
892 3420 946 3452 rum
954 3419 1025 3466 quam
1037 3421 1067 3452 ex
1076 3406 1190 3467 aequitate
1199 3413 1324 3468 perpetum
1354 3413 1418 3462 Nam

317 3492 416 3532 meroes,
432 3479 601 3538 qumaliorum
613 3491 665 3522 erae
675 3483 803 3536 οοιιοιιιοι,
818 3480 844 3525 ιιι
892 3495 946 3526 oum
967 3481 1045 3541 Angli
1062 3480 1180 3527 bellorum
1198 3495 1295 3530 auomm
1315 3487 1418 3536 obtentu

318 3552 588 3614 pradamnoucederey
604 3552 677 3612 idque
691 3552 845 3618 ihiprolege
893 3557 1017 3603 Daharum
1036 3555 1177 3602 commercia
1193 3557 1356 3620 imped‘maent,
1376 3577 1420 3612 na.

317 3766 460 3837 besieging
471 3785 489 3822 a
499 3772 584 3832 town,
596 3785 629 3822 or
642 3769 812 3842 bloolmding
822 3777 921 3842 apert,
936 3774 992 3829 aud
1002 3774 1028 3829 if
1038 3777 1190 3833 surrender
1203 3793 1236 3831 or
1247 3794 1335 3850 peace
1347 3795 1420 3834 were

317 3853 467 3922 expectem
482 3851 519 3908 he
530 3854 586 3907 will
598 3855 634 3909 be
643 3855 739 3910 bound
750 3863 781 3910 to
794 3873 840 3912 me
848 3857 894 3912 ior
905 3859 1053 3932 damageee
1068 3880 1098 3918 aa
1111 3881 1128 3917 a
1139 3881 1242 3936 perron
1255 3865 1346 3919 would
1357 3864 1420 3920 who

316 3936 448 3992 liberates
463 3955 510 4011 my
521 3939 622 3994 debtor
636 3941 708 3995 from
721 3943 825 4012 prison,
840 3960 872 3998 or
883 3946 977 4000 aeeiete
990 3947 1033 4001 hia
1044 3948 1127 4020 ssight
1138 3956 1168 4004 ιο
1180 3967 1228 4021 my
1238 3951 1331 4022 injury
1342 3970 1349 4016 3
1363 3951 1420 4005 and

315 4029 346 4077 ιο
360 4023 409 4077 the
424 4021 521 4079 extent
535 4025 568 4079 of
582 4025 630 4081 the
649 4027 774 4098 damage,
795 4028 838 4084 hie
857 4040 991 4104 property
1005 4051 1069 4106 may
1083 4035 1120 4090 bo
1134 4036 1230 4100 taken,
1243 4036 1300 4091 aud
1312 4053 1420 4091 owner·

315 4108 378 4182 ship
391 4109 505 4164 thereos
517 4111 552 4166 be
571 4113 699 4168 assumed
717 4113 763 4167 for
780 4114 830 4170 the
848 4116 915 4171 eale
930 4118 965 4172 of
975 4121 1138 4192 reuerering
1158 4138 1206 4193 my
1222 4122 1298 4177 debt.
1333 4123 1365 4177 1f
1382 4123 1420 4177 be

315 4195 387 4250 have
400 4202 451 4250 not
466 4203 514 4268 yet
528 4199 630 4252 caused
642 4197 768 4270 damage,
783 4200 835 4255 but
846 4201 918 4256 hare
932 4203 1005 4258 tried
1017 4212 1048 4260 ιο
1063 4207 1301 4270 eaueeit,1ehall
1316 4208 1388 4264 have
1402 4225 1420 4262 a

316 4280 399 4353 right,
414 4282 452 4354 by
467 4283 515 4337 the
530 4285 670 4338 retention
686 4285 719 4339 of
731 4286 773 4340 his
786 4295 930 4359 property,
942 4294 972 4344 ιο
987 4292 1098 4364 eompel
1109 4292 1169 4347 him
1180 4301 1210 4347 to
1221 4295 1285 4365 gire
1297 4295 1420 4366 security

316 4367 362 4421 for
376 4368 425 4423 the
438 4369 541 4433 future,
556 4368 594 4441 by
608 4369 746 4442 hoetagee,
760 4373 884 4444 pledgee,
900 4391 934 4428 or
954 4377 983 4429 in
998 4393 1076 4432 aome
1095 4379 1178 4433 other
1198 4397 1267 4453 way.
1312 4381 1370 4434 But
1388 4381 1420 4445 if,

316 4451 434 4520 besides,
450 4455 498 4510 the
513 4456 640 4525 injustiee
653 4456 686 4510 of
697 4475 744 4528 my
756 4475 856 4532 enemy
866 4466 896 4515 ιο
907 4477 953 4516 ιιιο
968 4461 1004 4517 be
1018 4481 1086 4537 rery
1098 4465 1219 4532 evident,
1234 4465 1291 4520 and
1303 4465 1340 4522 he
1352 4483 1420 4522 eon·
