<?xml version="1.0" encoding="UTF-8"?>
<!DOCTYPE html PUBLIC "-//W3C//DTD XHTML 1.0 Transitional//EN"
    "http://www.w3.org/TR/xhtml1/DTD/xhtml1-transitional.dtd">
<html xmlns="http://www.w3.org/1999/xhtml" xml:lang="en" lang="en">
 <head>
  <title>
</title>
<meta http-equiv="Content-Type" content="text/html;charset=utf-8" />
  <meta name='ocr-system' content='tesseract 3.04.00' />
  <meta name='ocr-capabilities' content='ocr_page ocr_carea ocr_par ocr_line ocrx_word'/>
</head>
<body>
  <div class='ocr_page' id='page_1' title='image "./hugonisgrotiide09barbgoog_0213.png"; bbox 0 0 3225 5125; ppageno 0'>
   <div class='ocr_carea' id='block_1_1' title="bbox 341 361 1442 436">
    <p class='ocr_par' dir='ltr' id='par_1_1' title="bbox 341 361 1442 436">
     <span class='ocr_line' id='line_1_1' title="bbox 341 361 1442 436; baseline 0 -12"><span class='ocrx_word' id='word_1_1' title='bbox 341 361 403 427; x_wconf 88' lang='grc'><strong>198</strong></span> <span class='ocrx_word' id='word_1_2' title='bbox 598 366 955 424; x_wconf 79' lang='lat' dir='ltr'><strong>TEMPERAMENTUM</strong></span> <span class='ocrx_word' id='word_1_3' title='bbox 976 366 1090 423; x_wconf 77' lang='lat' dir='ltr'><strong>omos</strong></span> <span class='ocrx_word' id='word_1_4' title='bbox 1112 366 1181 425; x_wconf 79' lang='lat' dir='ltr'><strong>JUS</strong></span> <span class='ocrx_word' id='word_1_5' title='bbox 1299 365 1374 436; x_wconf 82' lang='lat' dir='ltr'><strong>[htu.</strong></span> <span class='ocrx_word' id='word_1_6' title='bbox 1387 368 1442 424; x_wconf 76' lang='lat' dir='ltr'><strong>nn</strong></span> 
     </span>
    </p>
   </div>
   <div class='ocr_carea' id='block_1_2' title="bbox 172 527 1447 3164">
    <p class='ocr_par' dir='ltr' id='par_1_2' title="bbox 339 527 1225 915">
     <span class='ocr_line' id='line_1_2' title="bbox 555 527 1225 611; baseline 0 -19"><span class='ocrx_word' id='word_1_7' title='bbox 555 540 654 596; x_wconf 78' lang='lat' dir='ltr'><strong>Victor</strong></span> <span class='ocrx_word' id='word_1_8' title='bbox 668 544 729 595; x_wconf 86' lang='lat' dir='ltr'><strong>erat</strong></span> <span class='ocrx_word' id='word_1_9' title='bbox 743 538 879 611; x_wconf 81' lang='lat' dir='ltr'><strong>quamvis,</strong></span> <span class='ocrx_word' id='word_1_10' title='bbox 893 527 1008 610; x_wconf 73' lang='lat' dir='ltr'><strong>baequus</strong></span> <span class='ocrx_word' id='word_1_11' title='bbox 1022 538 1053 592; x_wconf 91' lang='lat' dir='ltr'><strong>in</strong></span> <span class='ocrx_word' id='word_1_12' title='bbox 1066 536 1148 593; x_wconf 89' lang='lat' dir='ltr'><strong>hoste</strong></span> <span class='ocrx_word' id='word_1_13' title='bbox 1160 536 1225 593; x_wconf 80' lang='lat' dir='ltr'><strong>fuit.</strong></span> 
     </span>
     <span class='ocr_line' id='line_1_3' title="bbox 339 634 955 723; baseline -0.002 -18"><span class='ocrx_word' id='word_1_14' title='bbox 339 636 453 705; x_wconf 86' lang='lat' dir='ltr'><strong>Sedet</strong></span> <span class='ocrx_word' id='word_1_15' title='bbox 470 634 583 706; x_wconf 79' lang='lat' dir='ltr'><strong>Ouidio</strong></span> <span class='ocrx_word' id='word_1_16' title='bbox 601 640 750 723; x_wconf 81' lang='lat' dir='ltr'><strong>(Metam.</strong></span> <span class='ocrx_word' id='word_1_17' title='bbox 768 658 838 703; x_wconf 82' lang='lat' dir='ltr'><strong>vsu.</strong></span> <span class='ocrx_word' id='word_1_18' title='bbox 858 638 955 722; x_wconf 83' lang='lat'>101)=</span> 
     </span>
     <span class='ocr_line' id='line_1_4' title="bbox 725 756 1216 829; baseline -0.002 -18"><span class='ocrx_word' id='word_1_19' title='bbox 725 757 816 829; x_wconf 82' lang='lat' dir='ltr'><strong>Leges</strong></span> <span class='ocrx_word' id='word_1_20' title='bbox 831 756 920 829; x_wconf 87' lang='lat' dir='ltr'><strong>captis</strong></span> <span class='ocrx_word' id='word_1_21' title='bbox 930 756 1100 828; x_wconf 90' lang='lat' dir='ltr'><strong>justissimus</strong></span> <span class='ocrx_word' id='word_1_22' title='bbox 1115 759 1216 812; x_wconf 85' lang='lat' dir='ltr'><strong>auctor</strong></span> 
     </span>
     <span class='ocr_line' id='line_1_5' title="bbox 554 842 848 915; baseline 0 -17"><span class='ocrx_word' id='word_1_23' title='bbox 554 842 692 898; x_wconf 76' lang='lat' dir='ltr'><strong>Hostibus</strong></span> <span class='ocrx_word' id='word_1_24' title='bbox 705 843 848 915; x_wconf 77' lang='lat' dir='ltr'><strong>imposuit.</strong></span> 
     </span>
    </p>

    <p class='ocr_par' dir='ltr' id='par_1_3' title="bbox 339 936 1444 1230">
     <span class='ocr_line' id='line_1_6' title="bbox 414 936 1444 1030; baseline 0.002 -23"><span class='ocrx_word' id='word_1_25' title='bbox 414 944 458 1009; x_wconf 90' lang='lat' dir='ltr'><strong>ll.</strong></span> <span class='ocrx_word' id='word_1_26' title='bbox 507 941 640 1021; x_wconf 80' lang='lat' dir='ltr'><strong>Quando</strong></span> <span class='ocrx_word' id='word_1_27' title='bbox 663 950 768 1009; x_wconf 88' lang='lat' dir='ltr'><strong>autem</strong></span> <span class='ocrx_word' id='word_1_28' title='bbox 786 941 875 1030; x_wconf 88' lang='lat' dir='ltr'><strong>justa</strong></span> <span class='ocrx_word' id='word_1_29' title='bbox 895 940 937 1009; x_wconf 89' lang='lat' dir='ltr'><strong>sit</strong></span> <span class='ocrx_word' id='word_1_30' title='bbox 956 939 1132 1009; x_wconf 81' lang='lat' dir='ltr'><strong>interiectio</strong></span> <span class='ocrx_word' id='word_1_31' title='bbox 1148 939 1235 1027; x_wconf 92' lang='lat' dir='ltr'><strong>(inde</strong></span> <span class='ocrx_word' id='word_1_32' title='bbox 1255 936 1336 1007; x_wconf 92' lang='lat' dir='ltr'><strong>enim</strong></span> <span class='ocrx_word' id='word_1_33' title='bbox 1353 940 1444 1009; x_wconf 89' lang='lat' dir='ltr'><strong>nobis</strong></span> 
     </span>
     <span class='ocr_line' id='line_1_7' title="bbox 339 1040 1443 1130; baseline -0.001 -22"><span class='ocrx_word' id='word_1_34' title='bbox 339 1041 545 1130; x_wconf 85' lang='lat' dir='ltr'><strong>incipiendum</strong></span> <span class='ocrx_word' id='word_1_35' title='bbox 567 1043 628 1126; x_wconf 90' lang='lat' dir='ltr'><strong>est)</strong></span> <span class='ocrx_word' id='word_1_36' title='bbox 648 1040 682 1107; x_wconf 91' lang='lat' dir='ltr'><strong>in</strong></span> <span class='ocrx_word' id='word_1_37' title='bbox 701 1041 782 1107; x_wconf 88' lang='lat' dir='ltr'><strong>bello</strong></span> <span class='ocrx_word' id='word_1_38' title='bbox 803 1042 889 1128; x_wconf 90' lang='lat' dir='ltr'><strong>justo</strong></span> <span class='ocrx_word' id='word_1_39' title='bbox 910 1042 1078 1107; x_wconf 89' lang='lat' dir='ltr'><strong>secondum</strong></span> <span class='ocrx_word' id='word_1_40' title='bbox 1099 1041 1253 1129; x_wconf 88' lang='lat' dir='ltr'><strong>justitiam</strong></span> <span class='ocrx_word' id='word_1_41' title='bbox 1277 1040 1443 1118; x_wconf 74' lang='lat' dir='ltr'><strong>internam</strong></span> 
     </span>
     <span class='ocr_line' id='line_1_8' title="bbox 340 1139 1444 1230; baseline -0.001 -22"><span class='ocrx_word' id='word_1_42' title='bbox 340 1142 464 1228; x_wconf 90' lang='lat' dir='ltr'><strong>quando</strong></span> <span class='ocrx_word' id='word_1_43' title='bbox 484 1164 547 1207; x_wconf 93' lang='lat' dir='ltr'><strong>non</strong></span> <span class='ocrx_word' id='word_1_44' title='bbox 569 1141 619 1219; x_wconf 91' lang='lat' dir='ltr'><strong>sit,</strong></span> <span class='ocrx_word' id='word_1_45' title='bbox 642 1164 683 1207; x_wconf 85' lang='lat' dir='ltr'><strong>ex</strong></span> <span class='ocrx_word' id='word_1_46' title='bbox 706 1139 743 1206; x_wconf 90' lang='lat' dir='ltr'><strong>iis</strong></span> <span class='ocrx_word' id='word_1_47' title='bbox 759 1139 893 1229; x_wconf 81' lang='lat' dir='ltr'><strong>intelligi</strong></span> <span class='ocrx_word' id='word_1_48' title='bbox 908 1148 1013 1228; x_wconf 87' lang='lat' dir='ltr'><strong>potest</strong></span> <span class='ocrx_word' id='word_1_49' title='bbox 1028 1162 1099 1227; x_wconf 84' lang='lat' dir='ltr'><strong>quoe</strong></span> <span class='ocrx_word' id='word_1_50' title='bbox 1116 1141 1218 1229; x_wconf 88' lang='lat' dir='ltr'><strong>eapite</strong></span> <span class='ocrx_word' id='word_1_51' title='bbox 1234 1140 1335 1230; x_wconf 90' lang='lat' dir='ltr'><strong>primo</strong></span> <span class='ocrx_word' id='word_1_52' title='bbox 1351 1139 1444 1227; x_wconf 93' lang='lat' dir='ltr'><strong>hujus</strong></span> 
     </span>
    </p>

    <p class='ocr_par' dir='ltr' id='par_1_4' title="bbox 174 1238 1447 1625">
     <span class='ocr_line' id='line_1_9' title="bbox 174 1238 1443 1383; baseline -0.001 -76.998"><span class='ocrx_word' id='word_1_53' title='bbox 176 1251 232 1291; x_wconf 69' lang='lat' dir='ltr'><strong>vie</strong></span> <span class='ocrx_word' id='word_1_54' title='bbox 174 1250 317 1383; x_wconf 36' lang='lat' dir='ltr'><strong>&amp;aava</strong></span> <span class='ocrx_word' id='word_1_55' title='bbox 339 1240 413 1308; x_wconf 84' lang='lat' dir='ltr'><strong>libri</strong></span> <span class='ocrx_word' id='word_1_56' title='bbox 428 1241 518 1308; x_wconf 87' lang='lat' dir='ltr'><strong>nobis</strong></span> <span class='ocrx_word' id='word_1_57' title='bbox 534 1241 687 1329; x_wconf 85' lang='lat' dir='ltr'><strong>explicata</strong></span> <span class='ocrx_word' id='word_1_58' title='bbox 702 1246 784 1307; x_wconf 87' lang='lat' dir='ltr'><strong>suut.</strong></span> <span class='ocrx_word' id='word_1_59' title='bbox 837 1240 973 1306; x_wconf 88' lang='lat' dir='ltr'><strong>lnterfici</strong></span> <span class='ocrx_word' id='word_1_60' title='bbox 990 1240 1073 1306; x_wconf 90' lang='lat' dir='ltr'><strong>enim</strong></span> <span class='ocrx_word' id='word_1_61' title='bbox 1089 1238 1224 1327; x_wconf 75' lang='lat' dir='ltr'><strong>aliquem</strong></span> <span class='ocrx_word' id='word_1_62' title='bbox 1236 1240 1388 1329; x_wconf 80' lang='lat' dir='ltr'><strong>oontingit</strong></span> <span class='ocrx_word' id='word_1_63' title='bbox 1401 1262 1443 1305; x_wconf 86' lang='lat' dir='ltr'><strong>ex</strong></span> 
     </span>
     <span class='ocr_line' id='line_1_10' title="bbox 340 1338 1443 1430; baseline -0.001 -24"><span class='ocrx_word' id='word_1_64' title='bbox 340 1340 509 1430; x_wconf 87' lang='lat' dir='ltr'><strong>proposito,</strong></span> <span class='ocrx_word' id='word_1_65' title='bbox 527 1348 583 1407; x_wconf 89' lang='lat' dir='ltr'><strong>aut</strong></span> <span class='ocrx_word' id='word_1_66' title='bbox 599 1340 679 1407; x_wconf 91' lang='lat' dir='ltr'><strong>citra</strong></span> <span class='ocrx_word' id='word_1_67' title='bbox 698 1338 900 1428; x_wconf 90' lang='lat' dir='ltr'><strong>propositum.</strong></span> <span class='ocrx_word' id='word_1_68' title='bbox 951 1341 1003 1404; x_wconf 88' lang='lat' dir='ltr'><strong>Ex</strong></span> <span class='ocrx_word' id='word_1_69' title='bbox 1025 1340 1184 1428; x_wconf 87' lang='lat' dir='ltr'><strong>proposito</strong></span> <span class='ocrx_word' id='word_1_70' title='bbox 1202 1340 1287 1427; x_wconf 89' lang='lat' dir='ltr'><strong>juste</strong></span> <span class='ocrx_word' id='word_1_71' title='bbox 1311 1339 1443 1405; x_wconf 84' lang='lat' dir='ltr'><strong>interfici</strong></span> 
     </span>
     <span class='ocr_line' id='line_1_11' title="bbox 339 1437 1444 1528; baseline -0.001 -22"><span class='ocrx_word' id='word_1_72' title='bbox 339 1462 435 1506; x_wconf 89' lang='lat' dir='ltr'><strong>nemo</strong></span> <span class='ocrx_word' id='word_1_73' title='bbox 447 1447 560 1528; x_wconf 87' lang='lat' dir='ltr'><strong>potest,</strong></span> <span class='ocrx_word' id='word_1_74' title='bbox 581 1438 641 1505; x_wconf 91' lang='lat' dir='ltr'><strong>nisi</strong></span> <span class='ocrx_word' id='word_1_75' title='bbox 663 1438 748 1505; x_wconf 90' lang='lat' dir='ltr'><strong>aut&#39;</strong></span> <span class='ocrx_word' id='word_1_76' title='bbox 739 1460 771 1504; x_wconf 92' lang='lat' dir='ltr'><strong>m</strong></span> <span class='ocrx_word' id='word_1_77' title='bbox 790 1459 914 1527; x_wconf 82' lang='lat' dir='ltr'><strong>poenam</strong></span> <span class='ocrx_word' id='word_1_78' title='bbox 932 1437 1059 1527; x_wconf 89' lang='lat' dir='ltr'><strong>justam,</strong></span> <span class='ocrx_word' id='word_1_79' title='bbox 1077 1448 1132 1506; x_wconf 90' lang='lat' dir='ltr'><strong>aut</strong></span> <span class='ocrx_word' id='word_1_80' title='bbox 1153 1447 1307 1526; x_wconf 89' lang='lat' dir='ltr'><strong>quatenus</strong></span> <span class='ocrx_word' id='word_1_81' title='bbox 1325 1439 1444 1525; x_wconf 89' lang='lat' dir='ltr'><strong>absque</strong></span> 
     </span>
     <span class='ocr_line' id='line_1_12' title="bbox 339 1536 1447 1625; baseline 0.004 -20"><span class='ocrx_word' id='word_1_82' title='bbox 339 1560 377 1605; x_wconf 91' lang='lat' dir='ltr'><strong>eo</strong></span> <span class='ocrx_word' id='word_1_83' title='bbox 394 1539 490 1606; x_wconf 85' lang='lat' dir='ltr'><strong>sitam</strong></span> <span class='ocrx_word' id='word_1_84' title='bbox 507 1547 541 1605; x_wconf 89' lang='lat' dir='ltr'><strong>et</strong></span> <span class='ocrx_word' id='word_1_85' title='bbox 556 1561 608 1606; x_wconf 87' lang='lat' dir='ltr'><strong>res</strong></span> <span class='ocrx_word' id='word_1_86' title='bbox 629 1546 753 1607; x_wconf 81' lang='lat' dir='ltr'><strong>nostrae</strong></span> <span class='ocrx_word' id='word_1_87' title='bbox 774 1536 857 1604; x_wconf 87' lang='lat' dir='ltr'><strong>tueri</strong></span> <span class='ocrx_word' id='word_1_88' title='bbox 877 1560 941 1605; x_wconf 93' lang='lat' dir='ltr'><strong>nou</strong></span> <span class='ocrx_word' id='word_1_89' title='bbox 959 1560 1140 1625; x_wconf 85' lang='lat' dir='ltr'><strong>possumus:</strong></span> <span class='ocrx_word' id='word_1_90' title='bbox 1163 1558 1350 1625; x_wconf 88' lang='lat' dir='ltr'><strong>quamquam</strong></span> <span class='ocrx_word' id='word_1_91' title='bbox 1365 1536 1447 1609; x_wconf 90' lang='lat' dir='ltr'><strong>illud</strong></span> 
     </span>
    </p>

    <p class='ocr_par' dir='ltr' id='par_1_5' title="bbox 321 1636 1443 1725">
     <span class='ocr_line' id='line_1_13' title="bbox 321 1636 1443 1725; baseline -0.001 -22"><span class='ocrx_word' id='word_1_92' title='bbox 321 1637 440 1725; x_wconf 77' lang='lat' dir='ltr'><strong>,ipsum</strong></span> <span class='ocrx_word' id='word_1_93' title='bbox 465 1639 506 1704; x_wconf 93' lang='lat' dir='ltr'><strong>ob</strong></span> <span class='ocrx_word' id='word_1_94' title='bbox 534 1660 586 1705; x_wconf 88' lang='lat' dir='ltr'><strong>res</strong></span> <span class='ocrx_word' id='word_1_95' title='bbox 611 1638 743 1704; x_wconf 78' lang='lat' dir='ltr'><strong>oaducsu</strong></span> <span class='ocrx_word' id='word_1_96' title='bbox 770 1636 928 1702; x_wconf 90' lang='lat' dir='ltr'><strong>hominem</strong></span> <span class='ocrx_word' id='word_1_97' title='bbox 953 1637 1103 1715; x_wconf 88' lang='lat' dir='ltr'><strong>occidere,</strong></span> <span class='ocrx_word' id='word_1_98' title='bbox 1131 1636 1252 1704; x_wconf 82' lang='lat' dir='ltr'><strong>etiamsi</strong></span> <span class='ocrx_word' id='word_1_99' title='bbox 1279 1658 1299 1702; x_wconf 92' lang='lat' dir='ltr'><strong>a</strong></span> <span class='ocrx_word' id='word_1_100' title='bbox 1320 1636 1443 1724; x_wconf 86' lang='lat' dir='ltr'><strong>justitia</strong></span> 
     </span>
    </p>

    <p class='ocr_par' dir='ltr' id='par_1_6' title="bbox 337 1735 1443 2322">
     <span class='ocr_line' id='line_1_14' title="bbox 339 1735 1443 1825; baseline -0.001 -22"><span class='ocrx_word' id='word_1_101' title='bbox 339 1736 446 1804; x_wconf 88' lang='lat' dir='ltr'><strong>stricte</strong></span> <span class='ocrx_word' id='word_1_102' title='bbox 463 1737 548 1805; x_wconf 89' lang='lat' dir='ltr'><strong>dicta</strong></span> <span class='ocrx_word' id='word_1_103' title='bbox 563 1760 626 1804; x_wconf 91' lang='lat' dir='ltr'><strong>uon</strong></span> <span class='ocrx_word' id='word_1_104' title='bbox 642 1738 747 1813; x_wconf 88' lang='lat' dir='ltr'><strong>abeat,</strong></span> <span class='ocrx_word' id='word_1_105' title='bbox 764 1757 784 1801; x_wconf 89' lang='lat' dir='ltr'><strong>a</strong></span> <span class='ocrx_word' id='word_1_106' title='bbox 799 1735 940 1803; x_wconf 87' lang='lat' dir='ltr'><strong>caritatis</strong></span> <span class='ocrx_word' id='word_1_107' title='bbox 955 1744 1059 1803; x_wconf 78' lang='lat' dir='ltr'><strong>taum</strong></span> <span class='ocrx_word' id='word_1_108' title='bbox 1076 1736 1147 1825; x_wconf 85' lang='lat' dir='ltr'><strong>lege</strong></span> <span class='ocrx_word' id='word_1_109' title='bbox 1163 1735 1301 1803; x_wconf 77' lang='lat' dir='ltr'><strong>discedit.</strong></span> <span class='ocrx_word' id='word_1_110' title='bbox 1343 1736 1443 1802; x_wconf 82' lang='lat' dir='ltr'><strong>Poena</strong></span> 
     </span>
     <span class='ocr_line' id='line_1_15' title="bbox 339 1834 1443 1925; baseline -0.003 -21"><span class='ocrx_word' id='word_1_111' title='bbox 339 1858 415 1904; x_wconf 81' lang='lat' dir='ltr'><strong>sero</strong></span> <span class='ocrx_word' id='word_1_112' title='bbox 428 1836 515 1925; x_wconf 88' lang='lat' dir='ltr'><strong>justa</strong></span> <span class='ocrx_word' id='word_1_113' title='bbox 531 1846 568 1904; x_wconf 89' lang='lat' dir='ltr'><strong>ut</strong></span> <span class='ocrx_word' id='word_1_114' title='bbox 583 1836 634 1916; x_wconf 90' lang='lat' dir='ltr'><strong>sit,</strong></span> <span class='ocrx_word' id='word_1_115' title='bbox 651 1857 729 1923; x_wconf 92' lang='lat' dir='ltr'><strong>opus</strong></span> <span class='ocrx_word' id='word_1_116' title='bbox 745 1843 794 1901; x_wconf 89' lang='lat' dir='ltr'><strong>est</strong></span> <span class='ocrx_word' id='word_1_117' title='bbox 810 1844 847 1902; x_wconf 89' lang='lat' dir='ltr'><strong>ut</strong></span> <span class='ocrx_word' id='word_1_118' title='bbox 863 1835 929 1923; x_wconf 86' lang='lat' dir='ltr'><strong>ipse</strong></span> <span class='ocrx_word' id='word_1_119' title='bbox 945 1835 1000 1922; x_wconf 94' lang='lat' dir='ltr'><strong>qui</strong></span> <span class='ocrx_word' id='word_1_120' title='bbox 1015 1834 1200 1903; x_wconf 85' lang='lat' dir='ltr'><strong>interficitur</strong></span> <span class='ocrx_word' id='word_1_121' title='bbox 1216 1834 1391 1922; x_wconf 86' lang='lat' dir='ltr'><strong>deliquerit,</strong></span> <span class='ocrx_word' id='word_1_122' title='bbox 1409 1842 1443 1901; x_wconf 89' lang='lat' dir='ltr'><strong>et</strong></span> 
     </span>
     <span class='ocr_line' id='line_1_16' title="bbox 338 1933 1443 2022; baseline -0.003 -20"><span class='ocrx_word' id='word_1_123' title='bbox 338 1934 464 2022; x_wconf 88' lang='lat' dir='ltr'><strong>quidem</strong></span> <span class='ocrx_word' id='word_1_124' title='bbox 492 1946 613 2004; x_wconf 91' lang='lat' dir='ltr'><strong>tantum</strong></span> <span class='ocrx_word' id='word_1_125' title='bbox 637 1935 720 2022; x_wconf 92' lang='lat' dir='ltr'><strong>quod</strong></span> <span class='ocrx_word' id='word_1_126' title='bbox 744 1934 830 2022; x_wconf 92' lang='lat' dir='ltr'><strong>apud</strong></span> <span class='ocrx_word' id='word_1_127' title='bbox 853 1957 978 2022; x_wconf 87' lang='lat' dir='ltr'><strong>aequum</strong></span> <span class='ocrx_word' id='word_1_128' title='bbox 995 1933 1133 2022; x_wconf 90' lang='lat' dir='ltr'><strong>judicem</strong></span> <span class='ocrx_word' id='word_1_129' title='bbox 1157 1934 1265 2000; x_wconf 89' lang='lat' dir='ltr'><strong>mortis</strong></span> <span class='ocrx_word' id='word_1_130' title='bbox 1293 1933 1443 2022; x_wconf 88' lang='lat' dir='ltr'><strong>supplicio</strong></span> 
     </span>
     <span class='ocr_line' id='line_1_17' title="bbox 338 2032 1443 2123; baseline -0.002 -22"><span class='ocrx_word' id='word_1_131' title='bbox 338 2036 436 2123; x_wconf 84' lang='lat' dir='ltr'><strong>possit</strong></span> <span class='ocrx_word' id='word_1_132' title='bbox 458 2035 627 2103; x_wconf 79' lang='lat' dir='ltr'><strong>vindicari:</strong></span> <span class='ocrx_word' id='word_1_133' title='bbox 653 2055 717 2122; x_wconf 90' lang='lat' dir='ltr'><strong>qna</strong></span> <span class='ocrx_word' id='word_1_134' title='bbox 741 2034 781 2100; x_wconf 91' lang='lat' dir='ltr'><strong>de</strong></span> <span class='ocrx_word' id='word_1_135' title='bbox 805 2056 843 2100; x_wconf 88' lang='lat' dir='ltr'><strong>re</strong></span> <span class='ocrx_word' id='word_1_136' title='bbox 867 2056 905 2100; x_wconf 89' lang='lat' dir='ltr'><strong>eo</strong></span> <span class='ocrx_word' id='word_1_137' title='bbox 929 2055 1011 2099; x_wconf 87' lang='lat' dir='ltr'><strong>nune</strong></span> <span class='ocrx_word' id='word_1_138' title='bbox 1033 2034 1135 2100; x_wconf 90' lang='lat' dir='ltr'><strong>minus</strong></span> <span class='ocrx_word' id='word_1_139' title='bbox 1156 2034 1351 2109; x_wconf 79' lang='lat' dir='ltr'><strong>disseremus,</strong></span> <span class='ocrx_word' id='word_1_140' title='bbox 1368 2032 1443 2120; x_wconf 90' lang='lat' dir='ltr'><strong>quia</strong></span> 
     </span>
     <span class='ocr_line' id='line_1_18' title="bbox 338 2131 1443 2225; baseline 0 -26"><span class='ocrx_word' id='word_1_141' title='bbox 338 2134 484 2222; x_wconf 87' lang='lat' dir='ltr'><strong>quicquid</strong></span> <span class='ocrx_word' id='word_1_142' title='bbox 501 2137 567 2225; x_wconf 88' lang='lat' dir='ltr'><strong>ejus</strong></span> <span class='ocrx_word' id='word_1_143' title='bbox 583 2134 655 2202; x_wconf 88' lang='lat' dir='ltr'><strong>sciri</strong></span> <span class='ocrx_word' id='word_1_144' title='bbox 677 2141 811 2222; x_wconf 89' lang='lat' dir='ltr'><strong>oportet,</strong></span> <span class='ocrx_word' id='word_1_145' title='bbox 829 2132 905 2200; x_wconf 91' lang='lat' dir='ltr'><strong>satis</strong></span> <span class='ocrx_word' id='word_1_146' title='bbox 927 2132 1115 2221; x_wconf 87' lang='lat' dir='ltr'><strong>explicatum</strong></span> <span class='ocrx_word' id='word_1_147' title='bbox 1133 2132 1324 2199; x_wconf 76' lang='lat' dir='ltr'><strong>arbitramur</strong></span> <span class='ocrx_word' id='word_1_148' title='bbox 1340 2131 1443 2220; x_wconf 89' lang='lat' dir='ltr'><strong>capite</strong></span> 
     </span>
     <span class='ocr_line' id='line_1_19' title="bbox 337 2234 501 2322; baseline 0.018 -22"><span class='ocrx_word' id='word_1_149' title='bbox 337 2234 501 2322; x_wconf 81' lang='lat' dir='ltr'><strong>dopmnis.</strong></span> 
     </span>
    </p>

    <p class='ocr_par' dir='ltr' id='par_1_7' title="bbox 336 2329 1442 2618">
     <span class='ocr_line' id='line_1_20' title="bbox 412 2329 1442 2419; baseline -0.002 -21"><span class='ocrx_word' id='word_1_150' title='bbox 412 2335 474 2399; x_wconf 82' lang='lat'><strong>111.</strong></span> <span class='ocrx_word' id='word_1_151' title='bbox 518 2336 537 2398; x_wconf 94' lang='lat'>1</span> <span class='ocrx_word' id='word_1_152' title='bbox 574 2333 687 2419; x_wconf 85' lang='lat' dir='ltr'><strong>Supra,</strong></span> <span class='ocrx_word' id='word_1_153' title='bbox 706 2352 775 2397; x_wconf 90' lang='lat' dir='ltr'><strong>oum</strong></span> <span class='ocrx_word' id='word_1_154' title='bbox 790 2329 830 2397; x_wconf 89' lang='lat' dir='ltr'><strong>do</strong></span> <span class='ocrx_word' id='word_1_155' title='bbox 848 2329 1035 2417; x_wconf 77' lang='lat' dir='ltr'><strong>supplicibus</strong></span> <span class='ocrx_word' id='word_1_156' title='bbox 1054 2352 1219 2419; x_wconf 77' lang='lat' dir='ltr'><strong>ageremus</strong></span> <span class='ocrx_word' id='word_1_157' title='bbox 1236 2332 1322 2415; x_wconf 86' lang='lat' dir='ltr'><strong>(sunt</strong></span> <span class='ocrx_word' id='word_1_158' title='bbox 1336 2336 1442 2397; x_wconf 91' lang='lat' dir='ltr'><strong>autem</strong></span> 
     </span>
     <span class='ocr_line' id='line_1_21' title="bbox 336 2426 1441 2523; baseline 0.002 -28"><span class='ocrx_word' id='word_1_159' title='bbox 336 2437 373 2496; x_wconf 85' lang='lat' dir='ltr'><strong>ut</strong></span> <span class='ocrx_word' id='word_1_160' title='bbox 388 2429 421 2496; x_wconf 90' lang='lat' dir='ltr'><strong>in</strong></span> <span class='ocrx_word' id='word_1_161' title='bbox 437 2452 524 2517; x_wconf 87' lang='lat' dir='ltr'><strong>pace,</strong></span> <span class='ocrx_word' id='word_1_162' title='bbox 541 2430 635 2496; x_wconf 89' lang='lat' dir='ltr'><strong>itaet</strong></span> <span class='ocrx_word' id='word_1_163' title='bbox 651 2430 684 2495; x_wconf 93' lang='lat' dir='ltr'><strong>in</strong></span> <span class='ocrx_word' id='word_1_164' title='bbox 700 2430 781 2496; x_wconf 88' lang='lat' dir='ltr'><strong>bello</strong></span> <span class='ocrx_word' id='word_1_165' title='bbox 797 2430 978 2516; x_wconf 88' lang='lat' dir='ltr'><strong>supplices,)</strong></span> <span class='ocrx_word' id='word_1_166' title='bbox 995 2429 1197 2497; x_wconf 76' lang='lat' dir='ltr'><strong>discrevimus</strong></span> <span class='ocrx_word' id='word_1_167' title='bbox 1212 2426 1370 2523; x_wconf 77' lang='grc' dir='ltr'>ἀτύχημα</span> <span class='ocrx_word' id='word_1_168' title='bbox 1387 2434 1441 2497; x_wconf 77' lang='lat' dir='ltr'><strong>soi</strong></span> 
     </span>
     <span class='ocr_line' id='line_1_22' title="bbox 337 2523 1442 2618; baseline -0.005 -19"><span class='ocrx_word' id='word_1_169' title='bbox 337 2523 490 2613; x_wconf 74' lang='grc' dir='ltr'><strong>ἀδίκημα,</strong></span> <span class='ocrx_word' id='word_1_170' title='bbox 515 2532 733 2616; x_wconf 76' lang='lat' dir='ltr'><strong>infortunium</strong></span> <span class='ocrx_word' id='word_1_171' title='bbox 757 2541 788 2596; x_wconf 88' lang='lat' dir='ltr'><strong>et</strong></span> <span class='ocrx_word' id='word_1_172' title='bbox 810 2530 979 2615; x_wconf 79' lang='lat' dir='ltr'><strong>iujuriam.</strong></span> <span class='ocrx_word' id='word_1_173' title='bbox 1032 2528 1189 2618; x_wconf 79' lang='lat' dir='ltr'><strong>Gylippus</strong></span> <span class='ocrx_word' id='word_1_174' title='bbox 1213 2550 1250 2595; x_wconf 89' lang='lat' dir='ltr'><strong>eo</strong></span> <span class='ocrx_word' id='word_1_175' title='bbox 1281 2550 1373 2616; x_wconf 88' lang='lat' dir='ltr'><strong>quem</strong></span> <span class='ocrx_word' id='word_1_176' title='bbox 1397 2526 1442 2596; x_wconf 92' lang='lat' dir='ltr'><strong>ibi</strong></span> 
     </span>
    </p>

    <p class='ocr_par' dir='ltr' id='par_1_8' title="bbox 172 2627 1442 3016">
     <span class='ocr_line' id='line_1_23' title="bbox 172 2627 1441 2717; baseline 0 -23"><span class='ocrx_word' id='word_1_177' title='bbox 172 2634 317 2675; x_wconf 49' lang='lat' dir='ltr'><strong>Wlfflin</strong></span> <span class='ocrx_word' id='word_1_178' title='bbox 336 2629 434 2695; x_wconf 91' lang='lat' dir='ltr'><strong>citare</strong></span> <span class='ocrx_word' id='word_1_179' title='bbox 464 2629 613 2717; x_wconf 88' lang='lat' dir='ltr'><strong>coepimus</strong></span> <span class='ocrx_word' id='word_1_180' title='bbox 646 2628 778 2694; x_wconf 89' lang='lat' dir='ltr'><strong>Diodori</strong></span> <span class='ocrx_word' id='word_1_181' title='bbox 804 2627 899 2695; x_wconf 85' lang='lat' dir='ltr'><strong>Siculi</strong></span> <span class='ocrx_word' id='word_1_182' title='bbox 932 2627 1001 2694; x_wconf 91' lang='lat' dir='ltr'><strong>loco</strong></span> <span class='ocrx_word' id='word_1_183' title='bbox 1025 2629 1148 2715; x_wconf 67' lang='lat' dir='ltr'><strong>quaerit,</strong></span> <span class='ocrx_word' id='word_1_184' title='bbox 1180 2637 1254 2695; x_wconf 92' lang='lat' dir='ltr'><strong>utra</strong></span> <span class='ocrx_word' id='word_1_185' title='bbox 1278 2628 1311 2694; x_wconf 92' lang='lat' dir='ltr'><strong>iu</strong></span> <span class='ocrx_word' id='word_1_186' title='bbox 1344 2628 1441 2694; x_wconf 86' lang='lat' dir='ltr'><strong>classe</strong></span> 
     </span>
     <span class='ocr_line' id='line_1_24' title="bbox 336 2725 1442 2816; baseline -0.001 -22"><span class='ocrx_word' id='word_1_187' title='bbox 336 2727 542 2803; x_wconf 75' lang='lat' dir='ltr'><strong>Athenienses</strong></span> <span class='ocrx_word' id='word_1_188' title='bbox 566 2727 640 2816; x_wconf 91' lang='lat' dir='ltr'><strong>poni</strong></span> <span class='ocrx_word' id='word_1_189' title='bbox 659 2728 805 2804; x_wconf 89' lang='lat' dir='ltr'><strong>debeant,</strong></span> <span class='ocrx_word' id='word_1_190' title='bbox 826 2725 1089 2794; x_wconf 78' lang='lat' dir='ltr'><strong>infortunatorum</strong></span> <span class='ocrx_word' id='word_1_191' title='bbox 1113 2749 1156 2793; x_wconf 88' lang='lat' dir='ltr'><strong>an</strong></span> <span class='ocrx_word' id='word_1_192' title='bbox 1180 2727 1384 2815; x_wconf 87' lang='lat' dir='ltr'><strong>injustorum:</strong></span> <span class='ocrx_word' id='word_1_193' title='bbox 1408 2735 1442 2793; x_wconf 90' lang='lat' dir='ltr'><strong>et</strong></span> 
     </span>
     <span class='ocr_line' id='line_1_25' title="bbox 335 2824 1442 2914; baseline 0.001 -23"><span class='ocrx_word' id='word_1_194' title='bbox 335 2849 394 2914; x_wconf 92' lang='lat' dir='ltr'><strong>pro</strong></span> <span class='ocrx_word' id='word_1_195' title='bbox 408 2826 606 2893; x_wconf 73' lang='lat' dir='ltr'><strong>infortunatis</strong></span> <span class='ocrx_word' id='word_1_196' title='bbox 622 2825 783 2893; x_wconf 90' lang='lat' dir='ltr'><strong>habendos</strong></span> <span class='ocrx_word' id='word_1_197' title='bbox 799 2833 896 2914; x_wconf 85' lang='lat' dir='ltr'><strong>negat</strong></span> <span class='ocrx_word' id='word_1_198' title='bbox 908 2824 962 2911; x_wconf 88' lang='lat' dir='ltr'><strong>qui</strong></span> <span class='ocrx_word' id='word_1_199' title='bbox 978 2825 1061 2891; x_wconf 90' lang='lat' dir='ltr'><strong>ultro</strong></span> <span class='ocrx_word' id='word_1_200' title='bbox 1078 2825 1163 2891; x_wconf 89' lang='lat' dir='ltr'><strong>nulla</strong></span> <span class='ocrx_word' id='word_1_201' title='bbox 1179 2825 1312 2894; x_wconf 85' lang='lat' dir='ltr'><strong>lacessiti</strong></span> <span class='ocrx_word' id='word_1_202' title='bbox 1327 2824 1442 2912; x_wconf 85' lang='lat' dir='ltr'><strong>injuria</strong></span> 
     </span>
     <span class='ocr_line' id='line_1_26' title="bbox 337 2923 1441 3016; baseline -0.003 -24"><span class='ocrx_word' id='word_1_203' title='bbox 337 2927 542 3016; x_wconf 72' lang='lat' dir='ltr'><strong>Syracusanis</strong></span> <span class='ocrx_word' id='word_1_204' title='bbox 558 2925 674 2992; x_wconf 74' lang='grc' dir='ltr'>οοΙΙιιιιι</span> <span class='ocrx_word' id='word_1_205' title='bbox 689 2924 885 2991; x_wconf 82' lang='lat' dir='ltr'><strong>intulissent:</strong></span> <span class='ocrx_word' id='word_1_206' title='bbox 903 2923 986 2991; x_wconf 91' lang='lat' dir='ltr'><strong>unde</strong></span> <span class='ocrx_word' id='word_1_207' title='bbox 1002 2923 1098 2991; x_wconf 81' lang='lat' dir='ltr'><strong>infert</strong></span> <span class='ocrx_word' id='word_1_208' title='bbox 1113 2947 1182 2991; x_wconf 85' lang='lat' dir='ltr'><strong>cum</strong></span> <span class='ocrx_word' id='word_1_209' title='bbox 1199 2933 1310 3012; x_wconf 90' lang='lat' dir='ltr'><strong>sponte</strong></span> <span class='ocrx_word' id='word_1_210' title='bbox 1326 2924 1441 2990; x_wconf 89' lang='lat' dir='ltr'><strong>bellum</strong></span> 
     </span>
    </p>

    <p class='ocr_par' dir='ltr' id='par_1_9' title="bbox 380 3100 1441 3164">
     <span class='ocr_line' id='line_1_27' title="bbox 380 3100 1441 3164; baseline -0.002 -14"><span class='ocrx_word' id='word_1_211' title='bbox 380 3101 679 3164; x_wconf 67' lang='lat' dir='ltr'><strong>&#39;’Emissislsostsjitit]</strong></span> <span class='ocrx_word' id='word_1_212' title='bbox 699 3103 863 3150; x_wconf 81' lang='lat' dir='ltr'><strong>Ovidiustris-</strong></span> <span class='ocrx_word' id='word_1_213' title='bbox 910 3101 989 3148; x_wconf 82' lang='lat' dir='ltr'><strong>Addit</strong></span> <span class='ocrx_word' id='word_1_214' title='bbox 998 3114 1071 3148; x_wconf 78' lang='lat' dir='ltr'><strong>mors</strong></span> <span class='ocrx_word' id='word_1_215' title='bbox 1092 3100 1121 3148; x_wconf 85' lang='lat' dir='ltr'><strong>id</strong></span> <span class='ocrx_word' id='word_1_216' title='bbox 1134 3102 1195 3148; x_wconf 74' lang='lat' dir='ltr'><strong>euin</strong></span> <span class='ocrx_word' id='word_1_217' title='bbox 1211 3102 1323 3162; x_wconf 71' lang='lat' dir='ltr'><strong>equitate</strong></span> <span class='ocrx_word' id='word_1_218' title='bbox 1340 3106 1441 3162; x_wconf 67' lang='lat' dir='ltr'><strong>maso</strong></span> 
     </span>
    </p>
   </div>
   <div class='ocr_carea' id='block_1_3' title="bbox 335 3176 1441 3312">
    <p class='ocr_par' dir='ltr' id='par_1_10' title="bbox 335 3176 1441 3312">
     <span class='ocr_line' id='line_1_28' title="bbox 335 3176 1439 3238; baseline -0.001 -15"><span class='ocrx_word' id='word_1_219' title='bbox 335 3177 396 3223; x_wconf 88' lang='lat' dir='ltr'><strong>tium</strong></span> <span class='ocrx_word' id='word_1_220' title='bbox 407 3189 425 3223; x_wconf 86' lang='lat'><strong>1.</strong></span> <span class='ocrx_word' id='word_1_221' title='bbox 437 3178 515 3237; x_wconf 75' lang='lat' dir='ltr'><strong>elegia</strong></span> <span class='ocrx_word' id='word_1_222' title='bbox 523 3179 539 3224; x_wconf 87' lang='grc'>8</span> <span class='ocrx_word' id='word_1_223' title='bbox 547 3177 622 3237; x_wconf 76' lang='lat' dir='ltr'><strong>(rm.</strong></span> <span class='ocrx_word' id='word_1_224' title='bbox 630 3177 685 3238; x_wconf 65' lang='lat' dir='ltr'><strong>del:</strong></span> <span class='ocrx_word' id='word_1_225' title='bbox 910 3176 1161 3236; x_wconf 60' lang='lat' dir='ltr'><strong>mmMpIuoohilis</strong></span> <span class='ocrx_word' id='word_1_226' title='bbox 1167 3177 1439 3237; x_wconf 74' lang='lat' dir='ltr'><strong>Imperatoretctem.</strong></span> 
     </span>
     <span class='ocr_line' id='line_1_29' title="bbox 335 3249 1441 3312; baseline -0.003 -13"><span class='ocrx_word' id='word_1_227' title='bbox 335 3251 863 3300; x_wconf 58' lang='lat' dir='ltr'><strong>Maiiffllnfflslswfflbfflnmbtlur·</strong></span> <span class='ocrx_word' id='word_1_228' title='bbox 913 3249 1065 3310; x_wconf 67' lang='lat' dir='ltr'><strong>Thucydides</strong></span> <span class='ocrx_word' id='word_1_229' title='bbox 1080 3251 1142 3298; x_wconf 82' lang='lat' dir='ltr'><strong>libro</strong></span> <span class='ocrx_word' id='word_1_230' title='bbox 1155 3265 1195 3298; x_wconf 85' lang='grc' dir='ltr'>ιιι.</span> <span class='ocrx_word' id='word_1_231' title='bbox 1211 3251 1273 3312; x_wconf 85' lang='lat' dir='ltr'><strong>(cap.</strong></span> <span class='ocrx_word' id='word_1_232' title='bbox 1289 3250 1329 3308; x_wconf 78' lang='grc'><strong>89)</strong></span> <span class='ocrx_word' id='word_1_233' title='bbox 1343 3251 1370 3296; x_wconf 88' lang='lat' dir='ltr'><strong>iu</strong></span> <span class='ocrx_word' id='word_1_234' title='bbox 1386 3263 1441 3297; x_wconf 82' lang='lat' dir='ltr'><strong>ora-</strong></span> 
     </span>
    </p>
   </div>
   <div class='ocr_carea' id='block_1_4' title="bbox 379 3320 1439 3384">
    <p class='ocr_par' dir='ltr' id='par_1_11' title="bbox 379 3320 1439 3384">
     <span class='ocr_line' id='line_1_30' title="bbox 379 3320 1439 3384; baseline 0.002 -14"><span class='ocrx_word' id='word_1_235' title='bbox 379 3322 540 3370; x_wconf 67' lang='grc' dir='ltr'><strong>οΝοοαείοιιο</strong></span> <span class='ocrx_word' id='word_1_236' title='bbox 562 3327 650 3382; x_wconf 62' lang='lat' dir='ltr'><strong>operm,</strong></span> <span class='ocrx_word' id='word_1_237' title='bbox 672 3337 719 3370; x_wconf 82' lang='lat' dir='ltr'><strong>soa</strong></span> <span class='ocrx_word' id='word_1_238' title='bbox 743 3320 864 3384; x_wconf 74' lang='lat' dir='ltr'><strong>soluatur]</strong></span> <span class='ocrx_word' id='word_1_239' title='bbox 911 3324 978 3371; x_wconf 86' lang='lat' dir='ltr'><strong>tione</strong></span> <span class='ocrx_word' id='word_1_240' title='bbox 990 3325 1102 3373; x_wconf 77' lang='lat' dir='ltr'><strong>ciconias</strong></span> <span class='ocrx_word' id='word_1_241' title='bbox 1117 3327 1219 3374; x_wconf 70' lang='grc' dir='ltr'><strong>οἵτινες</strong></span> <span class='ocrx_word' id='word_1_242' title='bbox 1231 3327 1280 3373; x_wconf 75' lang='grc' dir='ltr'><strong>ὑπὸ</strong></span> <span class='ocrx_word' id='word_1_243' title='bbox 1295 3325 1439 3374; x_wconf 62' lang='lat' dir='ltr'><strong>cosrohe-</strong></span> 
     </span>
    </p>
   </div>
   <div class='ocr_carea' id='block_1_5' title="bbox 330 3566 1443 4587">
    <p class='ocr_par' dir='ltr' id='par_1_12' title="bbox 330 3566 1443 4407">
     <span class='ocr_line' id='line_1_31' title="bbox 337 3566 1439 3643; baseline 0.003 -21"><span class='ocrx_word' id='word_1_244' title='bbox 337 3612 339 3615; x_wconf 62' lang='grc'>,</span> <span class='ocrx_word' id='word_1_245' title='bbox 387 3568 427 3622; x_wconf 91' lang='lat'><strong>11.</strong></span> <span class='ocrx_word' id='word_1_246' title='bbox 464 3566 551 3622; x_wconf 87' lang='lat' dir='ltr'><strong>What</strong></span> <span class='ocrx_word' id='word_1_247' title='bbox 570 3567 671 3639; x_wconf 80' lang='lat' dir='ltr'><strong>killiug</strong></span> <span class='ocrx_word' id='word_1_248' title='bbox 687 3569 711 3623; x_wconf 90' lang='lat' dir='ltr'><strong>is</strong></span> <span class='ocrx_word' id='word_1_249' title='bbox 724 3568 785 3638; x_wconf 89' lang='lat' dir='ltr'><strong>just</strong></span> <span class='ocrx_word' id='word_1_250' title='bbox 796 3570 827 3624; x_wconf 90' lang='lat' dir='ltr'><strong>in</strong></span> <span class='ocrx_word' id='word_1_251' title='bbox 843 3585 909 3636; x_wconf 74' lang='grc' dir='ltr'><strong>ποι,</strong></span> <span class='ocrx_word' id='word_1_252' title='bbox 927 3571 1078 3643; x_wconf 86' lang='lat' dir='ltr'><strong>according</strong></span> <span class='ocrx_word' id='word_1_253' title='bbox 1091 3577 1123 3627; x_wconf 91' lang='lat' dir='ltr'><strong>to</strong></span> <span class='ocrx_word' id='word_1_254' title='bbox 1139 3570 1260 3626; x_wconf 83' lang='lat' dir='ltr'><strong>internsl</strong></span> <span class='ocrx_word' id='word_1_255' title='bbox 1270 3569 1382 3641; x_wconf 87' lang='lat' dir='ltr'><strong>justice,</strong></span> <span class='ocrx_word' id='word_1_256' title='bbox 1396 3583 1439 3625; x_wconf 79' lang='lat' dir='ltr'><strong>we</strong></span> 
     </span>
     <span class='ocr_line' id='line_1_32' title="bbox 333 3652 1440 3730; baseline 0.003 -24"><span class='ocrx_word' id='word_1_257' title='bbox 333 3667 399 3724; x_wconf 86' lang='lat' dir='ltr'><strong>may</strong></span> <span class='ocrx_word' id='word_1_258' title='bbox 412 3667 461 3707; x_wconf 88' lang='lat' dir='ltr'><strong>see</strong></span> <span class='ocrx_word' id='word_1_259' title='bbox 473 3652 548 3706; x_wconf 84' lang='lat' dir='ltr'><strong>from</strong></span> <span class='ocrx_word' id='word_1_260' title='bbox 562 3652 638 3708; x_wconf 84' lang='lat' dir='ltr'><strong>what</strong></span> <span class='ocrx_word' id='word_1_261' title='bbox 650 3653 702 3708; x_wconf 88' lang='lat' dir='ltr'><strong>has</strong></span> <span class='ocrx_word' id='word_1_262' title='bbox 713 3653 787 3709; x_wconf 89' lang='lat' dir='ltr'><strong>been</strong></span> <span class='ocrx_word' id='word_1_263' title='bbox 798 3655 867 3710; x_wconf 87' lang='lat' dir='ltr'><strong>said.</strong></span> <span class='ocrx_word' id='word_1_264' title='bbox 913 3656 939 3710; x_wconf 83' lang='grc' dir='ltr'><strong>Α</strong></span> <span class='ocrx_word' id='word_1_265' title='bbox 953 3674 1020 3711; x_wconf 86' lang='lat' dir='ltr'><strong>man</strong></span> <span class='ocrx_word' id='word_1_266' title='bbox 1033 3674 1099 3730; x_wconf 89' lang='lat' dir='ltr'><strong>maJ</strong></span> <span class='ocrx_word' id='word_1_267' title='bbox 1112 3657 1149 3713; x_wconf 88' lang='lat' dir='ltr'><strong>be</strong></span> <span class='ocrx_word' id='word_1_268' title='bbox 1162 3656 1251 3712; x_wconf 91' lang='lat' dir='ltr'><strong>killed</strong></span> <span class='ocrx_word' id='word_1_269' title='bbox 1264 3656 1299 3711; x_wconf 83' lang='lat' dir='ltr'><strong>of</strong></span> <span class='ocrx_word' id='word_1_270' title='bbox 1308 3671 1440 3728; x_wconf 83' lang='lat' dir='ltr'><strong>purpose,</strong></span> 
     </span>
     <span class='ocr_line' id='line_1_33' title="bbox 333 3736 1439 3815; baseline 0.004 -24"><span class='ocrx_word' id='word_1_271' title='bbox 333 3753 367 3791; x_wconf 91' lang='lat' dir='ltr'><strong>or</strong></span> <span class='ocrx_word' id='word_1_272' title='bbox 381 3742 431 3791; x_wconf 90' lang='lat' dir='ltr'><strong>not</strong></span> <span class='ocrx_word' id='word_1_273' title='bbox 445 3736 480 3790; x_wconf 87' lang='lat' dir='ltr'><strong>of</strong></span> <span class='ocrx_word' id='word_1_274' title='bbox 497 3754 629 3810; x_wconf 85' lang='lat' dir='ltr'><strong>purpose.</strong></span> <span class='ocrx_word' id='word_1_275' title='bbox 673 3739 720 3793; x_wconf 88' lang='lat' dir='ltr'><strong>No</strong></span> <span class='ocrx_word' id='word_1_276' title='bbox 741 3755 797 3795; x_wconf 89' lang='lat' dir='ltr'><strong>one</strong></span> <span class='ocrx_word' id='word_1_277' title='bbox 819 3757 872 3796; x_wconf 87' lang='lat' dir='ltr'><strong>can</strong></span> <span class='ocrx_word' id='word_1_278' title='bbox 886 3741 923 3797; x_wconf 89' lang='lat' dir='ltr'><strong>be</strong></span> <span class='ocrx_word' id='word_1_279' title='bbox 936 3743 1026 3813; x_wconf 86' lang='lat' dir='ltr'><strong>justlJ</strong></span> <span class='ocrx_word' id='word_1_280' title='bbox 1039 3743 1127 3799; x_wconf 89' lang='lat' dir='ltr'><strong>killed</strong></span> <span class='ocrx_word' id='word_1_281' title='bbox 1141 3743 1175 3798; x_wconf 81' lang='lat' dir='ltr'><strong>ol</strong></span> <span class='ocrx_word' id='word_1_282' title='bbox 1192 3757 1325 3815; x_wconf 86' lang='lat' dir='ltr'><strong>purpose,</strong></span> <span class='ocrx_word' id='word_1_283' title='bbox 1339 3745 1439 3811; x_wconf 82' lang='lat' dir='ltr'><strong>except</strong></span> 
     </span>
     <span class='ocr_line' id='line_1_34' title="bbox 332 3821 1439 3896; baseline 0.005 -21"><span class='ocrx_word' id='word_1_284' title='bbox 332 3821 470 3876; x_wconf 81' lang='lat' dir='ltr'><strong>citherae</strong></span> <span class='ocrx_word' id='word_1_285' title='bbox 483 3840 501 3876; x_wconf 89' lang='lat' dir='ltr'><strong>a</strong></span> <span class='ocrx_word' id='word_1_286' title='bbox 512 3825 572 3895; x_wconf 89' lang='lat' dir='ltr'><strong>J&#39;ust</strong></span> <span class='ocrx_word' id='word_1_287' title='bbox 585 3823 776 3896; x_wconf 79' lang='lat' dir='ltr'><strong>punishment,</strong></span> <span class='ocrx_word' id='word_1_288' title='bbox 790 3842 824 3880; x_wconf 90' lang='lat' dir='ltr'><strong>or</strong></span> <span class='ocrx_word' id='word_1_289' title='bbox 838 3842 869 3881; x_wconf 94' lang='lat' dir='ltr'><strong>so</strong></span> <span class='ocrx_word' id='word_1_290' title='bbox 883 3826 928 3880; x_wconf 83' lang='lat' dir='ltr'><strong>far</strong></span> <span class='ocrx_word' id='word_1_291' title='bbox 942 3845 972 3882; x_wconf 88' lang='lat' dir='ltr'><strong>as</strong></span> <span class='ocrx_word' id='word_1_292' title='bbox 992 3845 1034 3884; x_wconf 86' lang='lat' dir='ltr'><strong>sse</strong></span> <span class='ocrx_word' id='word_1_293' title='bbox 1048 3835 1152 3884; x_wconf 69' lang='lat' dir='ltr'><strong>munet</strong></span> <span class='ocrx_word' id='word_1_294' title='bbox 1166 3827 1315 3883; x_wconf 80' lang='lat' dir='ltr'><strong>otherwise</strong></span> <span class='ocrx_word' id='word_1_295' title='bbox 1333 3825 1439 3881; x_wconf 78' lang='lat' dir='ltr'><strong>defend</strong></span> 
     </span>
     <span class='ocr_line' id='line_1_35' title="bbox 333 3906 1439 3986; baseline 0.005 -25"><span class='ocrx_word' id='word_1_296' title='bbox 333 3922 386 3961; x_wconf 89' lang='lat' dir='ltr'><strong>our</strong></span> <span class='ocrx_word' id='word_1_297' title='bbox 394 3906 444 3963; x_wconf 88' lang='lat' dir='ltr'><strong>life</strong></span> <span class='ocrx_word' id='word_1_298' title='bbox 454 3909 512 3962; x_wconf 91' lang='lat' dir='ltr'><strong>aud</strong></span> <span class='ocrx_word' id='word_1_299' title='bbox 521 3917 665 3983; x_wconf 83' lang='lat' dir='ltr'><strong>property.</strong></span> <span class='ocrx_word' id='word_1_300' title='bbox 702 3909 768 3964; x_wconf 79' lang='lat' dir='ltr'><strong>And</strong></span> <span class='ocrx_word' id='word_1_301' title='bbox 782 3928 853 3967; x_wconf 83' lang='lat' dir='ltr'><strong>even</strong></span> <span class='ocrx_word' id='word_1_302' title='bbox 864 3911 920 3968; x_wconf 87' lang='lat' dir='ltr'><strong>this</strong></span> <span class='ocrx_word' id='word_1_303' title='bbox 932 3919 1003 3984; x_wconf 86' lang='lat' dir='ltr'><strong>step,</strong></span> <span class='ocrx_word' id='word_1_304' title='bbox 1015 3913 1049 3968; x_wconf 84' lang='lat' dir='ltr'><strong>of</strong></span> <span class='ocrx_word' id='word_1_305' title='bbox 1059 3914 1158 3986; x_wconf 82' lang='lat' dir='ltr'><strong>killing</strong></span> <span class='ocrx_word' id='word_1_306' title='bbox 1169 3930 1187 3968; x_wconf 89' lang='lat' dir='ltr'><strong>a</strong></span> <span class='ocrx_word' id='word_1_307' title='bbox 1198 3929 1265 3968; x_wconf 89' lang='lat' dir='ltr'><strong>msu</strong></span> <span class='ocrx_word' id='word_1_308' title='bbox 1275 3913 1322 3969; x_wconf 83' lang='lat' dir='ltr'><strong>for</strong></span> <span class='ocrx_word' id='word_1_309' title='bbox 1332 3911 1439 3984; x_wconf 84' lang='lat' dir='ltr'><strong>perish·</strong></span> 
     </span>
     <span class='ocr_line' id='line_1_36' title="bbox 332 3991 1440 4071; baseline 0.005 -26"><span class='ocrx_word' id='word_1_310' title='bbox 332 3991 397 4048; x_wconf 88' lang='lat' dir='ltr'><strong>able</strong></span> <span class='ocrx_word' id='word_1_311' title='bbox 410 3991 517 4048; x_wconf 89' lang='lat' dir='ltr'><strong>human</strong></span> <span class='ocrx_word' id='word_1_312' title='bbox 530 4004 674 4067; x_wconf 79' lang='lat' dir='ltr'><strong>property,</strong></span> <span class='ocrx_word' id='word_1_313' title='bbox 688 3996 712 4051; x_wconf 91' lang='lat' dir='ltr'><strong>is</strong></span> <span class='ocrx_word' id='word_1_314' title='bbox 726 4003 758 4051; x_wconf 88' lang='lat' dir='ltr'><strong>at</strong></span> <span class='ocrx_word' id='word_1_315' title='bbox 771 3998 900 4054; x_wconf 82' lang='lat' dir='ltr'><strong>rarianee</strong></span> <span class='ocrx_word' id='word_1_316' title='bbox 911 3998 980 4053; x_wconf 85' lang='lat' dir='ltr'><strong>with</strong></span> <span class='ocrx_word' id='word_1_317' title='bbox 991 3999 1040 4054; x_wconf 89' lang='lat' dir='ltr'><strong>the</strong></span> <span class='ocrx_word' id='word_1_318' title='bbox 1054 4001 1107 4055; x_wconf 80' lang='lat' dir='ltr'><strong>law</strong></span> <span class='ocrx_word' id='word_1_319' title='bbox 1119 4000 1152 4054; x_wconf 81' lang='lat' dir='ltr'><strong>oi</strong></span> <span class='ocrx_word' id='word_1_320' title='bbox 1162 3998 1281 4071; x_wconf 83' lang='lat' dir='ltr'><strong>cbaritJ.</strong></span> <span class='ocrx_word' id='word_1_321' title='bbox 1309 3999 1344 4052; x_wconf 92' lang='lat' dir='ltr'><strong>In</strong></span> <span class='ocrx_word' id='word_1_322' title='bbox 1356 3996 1440 4051; x_wconf 88' lang='lat' dir='ltr'><strong>order</strong></span> 
     </span>
     <span class='ocr_line' id='line_1_37' title="bbox 332 4077 1440 4156; baseline 0.005 -24"><span class='ocrx_word' id='word_1_323' title='bbox 332 4077 396 4133; x_wconf 87' lang='lat' dir='ltr'><strong>that</strong></span> <span class='ocrx_word' id='word_1_324' title='bbox 412 4078 595 4150; x_wconf 87' lang='lat' dir='ltr'><strong>punishment</strong></span> <span class='ocrx_word' id='word_1_325' title='bbox 610 4098 677 4152; x_wconf 80' lang='lat' dir='ltr'><strong>may</strong></span> <span class='ocrx_word' id='word_1_326' title='bbox 693 4081 730 4137; x_wconf 90' lang='lat' dir='ltr'><strong>be</strong></span> <span class='ocrx_word' id='word_1_327' title='bbox 748 4083 817 4153; x_wconf 83' lang='lat' dir='ltr'><strong>just,</strong></span> <span class='ocrx_word' id='word_1_328' title='bbox 837 4083 861 4138; x_wconf 90' lang='lat' dir='ltr'><strong>it</strong></span> <span class='ocrx_word' id='word_1_329' title='bbox 883 4085 907 4138; x_wconf 91' lang='lat' dir='ltr'><strong>is</strong></span> <span class='ocrx_word' id='word_1_330' title='bbox 928 4101 1076 4156; x_wconf 82' lang='lat' dir='ltr'><strong>necessary</strong></span> <span class='ocrx_word' id='word_1_331' title='bbox 1096 4084 1161 4140; x_wconf 86' lang='lat' dir='ltr'><strong>that</strong></span> <span class='ocrx_word' id='word_1_332' title='bbox 1175 4084 1212 4139; x_wconf 90' lang='lat' dir='ltr'><strong>he</strong></span> <span class='ocrx_word' id='word_1_333' title='bbox 1229 4084 1293 4140; x_wconf 74' lang='lat' dir='ltr'><strong>who</strong></span> <span class='ocrx_word' id='word_1_334' title='bbox 1310 4085 1335 4139; x_wconf 85' lang='lat' dir='ltr'><strong>is</strong></span> <span class='ocrx_word' id='word_1_335' title='bbox 1351 4081 1440 4137; x_wconf 87' lang='lat' dir='ltr'><strong>killed</strong></span> 
     </span>
     <span class='ocr_line' id='line_1_38' title="bbox 331 4162 1439 4242; baseline 0 -22"><span class='ocrx_word' id='word_1_336' title='bbox 331 4163 434 4220; x_wconf 92' lang='lat' dir='ltr'><strong>should</strong></span> <span class='ocrx_word' id='word_1_337' title='bbox 446 4162 519 4221; x_wconf 80' lang='lat' dir='ltr'><strong>hare</strong></span> <span class='ocrx_word' id='word_1_338' title='bbox 532 4163 649 4220; x_wconf 83' lang='lat' dir='ltr'><strong>himself</strong></span> <span class='ocrx_word' id='word_1_339' title='bbox 659 4166 798 4235; x_wconf 81' lang='lat' dir='ltr'><strong>offended,</strong></span> <span class='ocrx_word' id='word_1_340' title='bbox 810 4168 866 4223; x_wconf 85' lang='lat' dir='ltr'><strong>aud</strong></span> <span class='ocrx_word' id='word_1_341' title='bbox 880 4185 911 4224; x_wconf 93' lang='lat' dir='ltr'><strong>so</strong></span> <span class='ocrx_word' id='word_1_342' title='bbox 926 4169 1066 4235; x_wconf 85' lang='lat' dir='ltr'><strong>offended,</strong></span> <span class='ocrx_word' id='word_1_343' title='bbox 1080 4170 1144 4226; x_wconf 86' lang='lat' dir='ltr'><strong>that</strong></span> <span class='ocrx_word' id='word_1_344' title='bbox 1154 4187 1172 4226; x_wconf 89' lang='lat' dir='ltr'><strong>a</strong></span> <span class='ocrx_word' id='word_1_345' title='bbox 1176 4172 1237 4240; x_wconf 88' lang='lat' dir='ltr'><strong>just</strong></span> <span class='ocrx_word' id='word_1_346' title='bbox 1246 4169 1335 4242; x_wconf 80' lang='lat' dir='ltr'><strong>judge</strong></span> <span class='ocrx_word' id='word_1_347' title='bbox 1345 4167 1439 4224; x_wconf 78' lang='lat' dir='ltr'><strong>would</strong></span> 
     </span>
     <span class='ocr_line' id='line_1_39' title="bbox 330 4249 1443 4330; baseline 0.003 -25"><span class='ocrx_word' id='word_1_348' title='bbox 330 4249 414 4305; x_wconf 83' lang='lat' dir='ltr'><strong>think</strong></span> <span class='ocrx_word' id='word_1_349' title='bbox 428 4249 514 4306; x_wconf 87' lang='lat' dir='ltr'><strong>death</strong></span> <span class='ocrx_word' id='word_1_350' title='bbox 527 4266 546 4304; x_wconf 88' lang='lat' dir='ltr'><strong>s</strong></span> <span class='ocrx_word' id='word_1_351' title='bbox 559 4251 593 4306; x_wconf 82' lang='lat' dir='ltr'><strong>nt</strong></span> <span class='ocrx_word' id='word_1_352' title='bbox 606 4250 796 4324; x_wconf 89' lang='lat' dir='ltr'><strong>punishment.</strong></span> <span class='ocrx_word' id='word_1_353' title='bbox 842 4253 883 4310; x_wconf 74' lang='lat' dir='ltr'><strong>Of</strong></span> <span class='ocrx_word' id='word_1_354' title='bbox 897 4253 953 4310; x_wconf 86' lang='lat' dir='ltr'><strong>this</strong></span> <span class='ocrx_word' id='word_1_355' title='bbox 969 4273 1009 4312; x_wconf 83' lang='lat' dir='ltr'><strong>wo</strong></span> <span class='ocrx_word' id='word_1_356' title='bbox 1023 4256 1095 4312; x_wconf 83' lang='lat' dir='ltr'><strong>have</strong></span> <span class='ocrx_word' id='word_1_357' title='bbox 1113 4257 1210 4330; x_wconf 89' lang='lat' dir='ltr'><strong>spoke,</strong></span> <span class='ocrx_word' id='word_1_358' title='bbox 1227 4256 1258 4310; x_wconf 91' lang='lat' dir='ltr'><strong>iu</strong></span> <span class='ocrx_word' id='word_1_359' title='bbox 1272 4254 1395 4324; x_wconf 82' lang='lat' dir='ltr'><strong>treating</strong></span> <span class='ocrx_word' id='word_1_360' title='bbox 1409 4252 1443 4308; x_wconf 76' lang='lat' dir='ltr'><strong>of</strong></span> 
     </span>
     <span class='ocr_line' id='line_1_40' title="bbox 330 4333 521 4407; baseline 0.016 -18"><span class='ocrx_word' id='word_1_361' title='bbox 330 4333 521 4407; x_wconf 90' lang='lat' dir='ltr'><strong>punishment.</strong></span> 
     </span>
    </p>

    <p class='ocr_par' dir='ltr' id='par_1_13' title="bbox 330 4422 1439 4587">
     <span class='ocr_line' id='line_1_41' title="bbox 385 4422 1439 4500; baseline 0.002 -24"><span class='ocrx_word' id='word_1_362' title='bbox 385 4422 439 4476; x_wconf 89' lang='lat'><strong>111.</strong></span> <span class='ocrx_word' id='word_1_363' title='bbox 475 4428 490 4477; x_wconf 92' lang='lat'>1</span> <span class='ocrx_word' id='word_1_364' title='bbox 515 4422 622 4489; x_wconf 81' lang='lat' dir='ltr'><strong>Abore,</strong></span> <span class='ocrx_word' id='word_1_365' title='bbox 641 4422 672 4477; x_wconf 93' lang='lat' dir='ltr'><strong>in</strong></span> <span class='ocrx_word' id='word_1_366' title='bbox 691 4423 827 4496; x_wconf 78' lang='lat' dir='ltr'><strong>speaking</strong></span> <span class='ocrx_word' id='word_1_367' title='bbox 846 4425 880 4481; x_wconf 83' lang='lat' dir='ltr'><strong>of</strong></span> <span class='ocrx_word' id='word_1_368' title='bbox 896 4427 1053 4500; x_wconf 87' lang='lat' dir='ltr'><strong>suppliants</strong></span> <span class='ocrx_word' id='word_1_369' title='bbox 1076 4423 1234 4495; x_wconf 76' lang='lat' dir='ltr'><strong>(forthere</strong></span> <span class='ocrx_word' id='word_1_370' title='bbox 1253 4441 1303 4481; x_wconf 85' lang='lat' dir='ltr'><strong>are</strong></span> <span class='ocrx_word' id='word_1_371' title='bbox 1322 4423 1391 4482; x_wconf 90' lang='lat' dir='ltr'><strong>such</strong></span> <span class='ocrx_word' id='word_1_372' title='bbox 1408 4423 1439 4478; x_wconf 88' lang='lat' dir='ltr'><strong>iu</strong></span> 
     </span>
     <span class='ocr_line' id='line_1_42' title="bbox 330 4508 1437 4587; baseline 0.008 -27"><span class='ocrx_word' id='word_1_373' title='bbox 330 4521 388 4560; x_wconf 74' lang='lat' dir='ltr'><strong>war</strong></span> <span class='ocrx_word' id='word_1_374' title='bbox 401 4523 432 4562; x_wconf 88' lang='lat' dir='ltr'><strong>ss</strong></span> <span class='ocrx_word' id='word_1_375' title='bbox 446 4508 477 4563; x_wconf 91' lang='lat' dir='ltr'><strong>iu</strong></span> <span class='ocrx_word' id='word_1_376' title='bbox 489 4525 586 4582; x_wconf 87' lang='lat' dir='ltr'><strong>peace,</strong></span> <span class='ocrx_word' id='word_1_377' title='bbox 605 4509 726 4582; x_wconf 82' lang='lat' dir='ltr'><strong>uamelJ,</strong></span> <span class='ocrx_word' id='word_1_378' title='bbox 740 4509 821 4567; x_wconf 87' lang='lat' dir='ltr'><strong>those</strong></span> <span class='ocrx_word' id='word_1_379' title='bbox 838 4511 900 4567; x_wconf 79' lang='lat' dir='ltr'><strong>who</strong></span> <span class='ocrx_word' id='word_1_380' title='bbox 915 4513 966 4568; x_wconf 90' lang='lat' dir='ltr'><strong>ask</strong></span> <span class='ocrx_word' id='word_1_381' title='bbox 984 4513 1032 4570; x_wconf 84' lang='lat' dir='ltr'><strong>for</strong></span> <span class='ocrx_word' id='word_1_382' title='bbox 1044 4511 1161 4587; x_wconf 61' lang='lat' dir='ltr'><strong>merop)</strong></span> <span class='ocrx_word' id='word_1_383' title='bbox 1177 4529 1220 4569; x_wconf 80' lang='lat' dir='ltr'><strong>we</strong></span> <span class='ocrx_word' id='word_1_384' title='bbox 1233 4508 1437 4584; x_wconf 75' lang='lat' dir='ltr'><strong>distinguished</strong></span> 
     </span>
    </p>
   </div>
   <div class='ocr_carea' id='block_1_6' title="bbox 0 0 1618 5125">
    <p class='ocr_par' dir='ltr' id='par_1_14' title="bbox 0 0 1618 5125">
     <span class='ocr_line' id='line_1_43' title="bbox 0 0 1618 5125; baseline 0 2"><span class='ocrx_word' id='word_1_385' title='bbox 0 0 1618 5125; x_wconf 95' lang='lat' dir='ltr'><strong> </strong></span> 
     </span>
    </p>
   </div>
  </div>
 </body>
</html>
