3225 5125
385 287 450 350 354
493 294 546 349 DE
567 293 659 348 FIDE
681 291 849 348 PUBLIOA
871 292 951 358 Qus
971 293 1132 348 BELLUM
1152 293 1322 356 FINITUR,
1346 287 1468 363 [hmffl.
1568 239 1569 320 l

387 458 511 538 debeat,
529 456 652 542 etquid
669 455 767 522 vietor
780 455 863 541 jure,
876 456 951 542 quid
965 455 1059 522 etiam
1073 456 1160 523 salvo
1176 456 1260 522 omni
1276 455 1371 521 officio
1383 456 1471 521 iacere

387 559 494 646 possit,
520 557 595 643 quid
615 556 749 642 deniqne
769 578 841 621 eum
859 556 993 622 maxime
1014 557 1132 622 deceat
1185 557 1298 622 Victus
1319 563 1385 642 post
1400 555 1472 621 dedi-

388 657 504 724 tionem
522 656 599 722 nihil
621 678 684 721 non
704 654 884 742 patiendum
900 656 1016 722 habet:
1043 655 1159 742 quippe
1179 654 1247 741 jam
1268 655 1412 731 subditus,
1435 664 1470 729 et,

390 757 416 822 si
433 757 485 843 jus
507 756 579 822 belli
602 766 766 820 externum
788 754 978 842 respicimus,
1004 777 1042 820 eo
1069 756 1103 819 in
1121 754 1199 831 loeo,
1221 765 1259 821 nt
1280 753 1309 820 ei
1330 754 1401 819 nihil
1420 775 1471 819 non

391 856 470 942 eripi
487 855 592 942 possit,
611 854 705 919 ctiam
723 854 795 932 vita,
820 853 913 919 etiam
931 854 1059 920 libertas
1077 854 1260 940 personalis,
1279 854 1373 919 multo
1387 854 1472 940 magis

391 955 481 1028 bona,
498 975 561 1018 non
577 954 700 1040 publiea
718 963 849 1029 tantum,
866 953 921 1018 sed
939 962 973 1018 et
987 954 1190 1041 singulorum.
1243 955 1365 1031 AEtoli,
1386 952 1472 1038 inquit
1568 948 1569 953 ’

225 1079 364 1122 numm
391 1053 451 1119 elio
468 1053 535 1118 loeo
553 1053 667 1128 Livius,
682 1056 840 1138 permisso
858 1055 960 1118 libero
976 1055 1130 1129 arbitrio,
1153 1077 1193 1120 ae
1215 1057 1254 1120 in
1275 1075 1408 1139 corpora
1425 1075 1472 1118 ad

226 1129 377 1228 institere
391 1156 525 1229 ciretur,
551 1155 741 1218 metuebant.
794 1151 967 1217 Citavimus
994 1151 1088 1218 alibi:
1123 1155 1181 1218 ubi
1211 1157 1325 1219 omnia
1355 1154 1392 1228 ei,
1422 1152 1473 1237 qui

227 1473 274 1512 Lib.
284 1472 318 1511 cit

229 1974 273 2014 ess.
284 1974 312 2013 uc
324 1975 352 2014 ιι.

228 2025 239 2068 ς
249 2021 277 2059 ια

392 1255 496 1317 armis
520 1252 599 1337 plus
619 1263 734 1336 potest,
763 1253 878 1316 dedita
897 1263 982 1326 eunt,
1009 1275 1085 1338 pute
1107 1276 1147 1318 ee·
1166 1255 1212 1318 iis
1237 1255 1356 1318 itabere
1374 1253 1473 1327 victer,

391 1353 511 1438 quibus
527 1352 684 1415 mulctari
700 1373 751 1416 eos
769 1352 855 1424 velit,
878 1352 986 1436 ipsius
1000 1352 1173 1437 judicium
1192 1365 1293 1438 atque
1312 1353 1475 1418 arbitrium

392 1463 448 1518 est.
501 1448 640 1515 Eodem⁷
665 1450 742 1514 illud
768 1449 850 1515 Livii
873 1451 1029 1536 pertinet:
1063 1454 1225 1518 Romanis
1249 1475 1318 1518 mos
1349 1461 1476 1517 catastas

392 1562 474 1627 erat,
493 1572 565 1615 cum
578 1572 640 1636 quo
657 1572 712 1615 uec
719 1551 845 1635 sedere,
863 1572 920 1616 osc
934 1553 1035 1633 aquis
1052 1552 1173 1634 legibus
1181 1552 1394 1636 jttngerentcr
1404 1550 1477 1612 emi·

392 1653 484 1726 citio,
502 1672 566 1714 noa
580 1652 677 1732 prius
691 1651 829 1735 imperio
844 1652 880 1715 in
892 1672 963 1715 eum
977 1662 1135 1736 tauquam
1147 1653 1378 1735 paratumst,
1391 1668 1478 1735 ptem

392 1751 503 1814 omniu
530 1751 647 1814 divine
671 1751 878 1834 humanaque
904 1751 1054 1826 dedisset,
1078 1751 1204 1816 obsides
1231 1753 1366 1835 accepti,
1393 1767 1478 1813 erma

392 1851 536 1928 ademta,
557 1850 723 1934 proess'die
747 1850 883 1914 urbibus
907 1851 1062 1934 imposita
1080 1851 1205 1933 sereret.
1259 1850 1367 1914 Etiam
1393 1842 1479 1911 occidi

393 1947 477 2014 licito
493 1947 648 2013 interdum
667 1947 787 2012 deditos
804 1946 1001 2012 ostendimus.

470 2048 506 2114 L.
554 2048 574 2111 1
610 2049 654 2111 st
671 2045 780 2122 victor,
797 2067 838 2110 ne
854 2046 929 2132 quid
945 2045 1059 2132 injuste
1076 2046 1179 2125 iaciat,
1195 2057 1341 2135 spectare
1359 2045 1479 2134 primum

393 2144 498 2222 debet,
520 2167 559 2210 ne
576 2167 667 2231 quem
684 2145 813 2221 occidat,
838 2145 897 2209 nisi
913 2145 946 2210 id
961 2167 1016 2211 eno
1035 2145 1173 2211 facinore
1190 2148 1356 2213 meritum:
1381 2145 1422 2209 sic
1441 2151 1478 2218 et,

393 2266 433 2310 ne
450 2245 499 2308 cui
513 2244 677 2330 quicquam
691 2245 824 2320 auferat,
842 2244 901 2308 nisi
916 2244 947 2309 in
960 2243 1077 2331 justam
1094 2268 1227 2332 poensm.
1280 2239 1385 2312 iIntra
1406 2245 1480 2308 hnno

392 2350 497 2406 autem
521 2342 655 2418 modum,
678 2353 830 2427 quantum
854 2343 1004 2410 securitas
1024 2344 1153 2429 petitur,
1176 2345 1218 2411 sd
1240 2344 1431 2412 clementiam
1451 2347 1480 2404 et

392 2439 609 2506 liberalitatem
631 2442 827 2527 propendere
843 2463 966 2529 semper
987 2443 1151 2509 honestum
1171 2453 1229 2522 est,
1252 2445 1408 2511 interdum
1429 2461 1480 2528 pro

391 2538 628 2605 circumstantiis
645 2539 738 2604 etiam
756 2562 795 2605 ex
813 2563 934 2606 morum
951 2543 1063 2631 regula
1078 2543 1296 2610 necessarium.

434 2714 445 2745 ⁷
461 2714 539 2761 Leone
552 2727 601 2759 non
618 2716 697 2760 exstet
714 2712 769 2761 Lib.
779 2725 828 2761 vn.
844 2727 916 2773 quem
967 2716 1094 2762 ostendere
1103 2730 1207 2777 possem,
1219 2722 1246 2764 et
1253 2718 1404 2779 aliquetenus
1416 2715 1439 2760 ld
1445 2712 1481 2772 ju-

389 2792 484 2836 Anctor
502 2790 526 2833 in
547 2788 655 2848 margins
674 2786 773 2843 indicet,
797 2788 840 2834 sed
862 2787 915 2835 Lib.
966 2794 1042 2834 reret.
1082 2790 1201 2836 Nimirum
1220 2791 1302 2838 locum
1321 2793 1388 2838 lllnrn
1408 2793 1482 2834 noster

389 2878 487 2912 xxvnr.
514 2879 535 2913 c.
551 2866 589 2911 34.
611 2878 682 2924 quem
704 2877 808 2910 errorem
829 2866 917 2911 tacitns
968 2865 1131 2923 exscripserat
1145 2864 1481 2914 ePsrsiFssnrsrunsrs.

390 2940 559 2997 emendassem,
579 2943 606 2985 ut
624 2939 761 2983 innumeros
776 2938 836 2983 alios
852 2938 916 2997 ejus·
968 2937 1023 2984 Lib.
1032 2951 1050 2984 ι.
1066 2940 1133 2985 avii.
1149 2954 1173 2999 p.
1181 2956 1213 2986 m.
1221 2944 1258 2988 43.
1273 2944 1315 2989 nbi
1330 2947 1445 3000 tamqnam
1456 2947 1482 2980 ex

389 3017 454 3063 modi
464 3015 559 3062 silentio
570 3013 684 3075 preterii,
699 3012 744 3058 nlsi
760 3013 853 3059 fontem
864 3013 916 3074 ejns
967 3012 1021 3059 Lib.
1032 3026 1079 3061 vn.
1087 3014 1211 3064 landetur:
1224 3020 1249 3062 et
1257 3016 1357 3064 duem
1365 3013 1418 3062 libri
1426 3011 1482 3072 ejas·
1568 3033 1569 3050 t

390 3261 507 3335 qnished
519 3268 603 3335 party
620 3264 709 3336 ought
728 3268 758 3319 to
777 3263 881 3329 suffen
902 3262 978 3317 what
997 3261 1047 3317 the
1058 3260 1210 3316 victorious
1223 3264 1308 3332 party
1320 3275 1384 3330 may
1395 3257 1429 3311 do
1446 3252 1480 3323 by
1568 3241 1569 3328 l

390 3350 466 3419 right
472 3370 481 3415 3
503 3350 578 3404 what
592 3350 674 3405 other
688 3350 780 3405 dntics
794 3350 906 3420 require
921 3348 954 3404 ot*
971 3348 1048 3412 him3
1069 3347 1126 3401 end
1141 3346 1247 3417 finally,
1266 3345 1343 3400 what
1361 3345 1481 3399 besem

390 3433 459 3489 him.
496 3433 557 3487 The
568 3436 750 3505 renquished,
767 3435 841 3489 aster
852 3434 1011 3498 surrender,
1024 3434 1048 3487 is
1061 3432 1148 3487 liable
1162 3440 1192 3486 to
1207 3431 1293 3486 suffer
1306 3427 1478 3501 everything=

390 3518 427 3572 he
439 3519 462 3573 is
470 3518 585 3587 already
594 3535 612 3571 a
622 3521 730 3588 subject
737 3539 745 3583 ;
757 3520 812 3573 and
825 3520 851 3573 if
859 3536 900 3574 we
911 3520 977 3574 look
988 3524 1018 3573 at
1027 3518 1077 3573 the
1088 3524 1213 3573 extreme
1221 3517 1298 3587 right
1308 3516 1344 3571 of
1354 3530 1414 3575 m,
1423 3510 1478 3565 isin

390 3600 460 3654 such
475 3617 493 3654 a
507 3602 650 3656 condition
666 3604 729 3657 that
746 3604 912 3675 everything
929 3621 993 3675 may
1008 3604 1044 3658 ha
1062 3604 1148 3658 tehen
1165 3602 1240 3657 from
1258 3602 1318 3655 him
1327 3621 1336 3667 ς
1357 3615 1424 3655 eren
1439 3594 1478 3647 his
1568 3633 1569 3644 ,

390 3684 458 3749 life}
480 3701 550 3739 eren
569 3685 613 3741 his
629 3688 759 3757 persensi
778 3688 898 3759 liberty;
919 3689 1003 3743 much
1024 3704 1111 3752 more,
1131 3688 1219 3759 goede
1238 3687 1371 3757 noton15
1385 3680 1477 3756 public»

390 3768 443 3823 but
457 3785 528 3824 eren
539 3771 648 3840 private
662 3779 805 3844 property.
854 3775 892 3828 So
907 3775 937 3827 in
951 3775 1030 3844 Livy,
1048 3776 1089 3829 ste
1105 3766 1240 3838 neotum,
1259 3774 1360 3843 tasting
1377 3780 1478 3825 sanet·

392 3855 472 3908 dered
485 3864 515 3908 et
526 3855 674 3922 diaeretica,
686 3856 827 3929 (permisso
839 3860 920 3913 litero
935 3858 1071 3927 arbitria)
1087 3877 1155 3915 were
1168 3859 1268 3929 afraid
1277 3860 1336 3913 stas
1346 3874 1406 3912 ecee
1418 3850 1478 3908 uer
1529 3908 1533 3918 ,

372 3952 377 3963 ’
386 3958 499 4013 peram
511 3941 603 3995 would
615 3952 661 3996 not
676 3945 704 3997 be
717 3945 823 4013 spond.
860 3942 913 3998 We
926 3944 998 3998 have
1009 3945 1160 4000 elsewhere
1174 3945 1249 3999 cited
1261 3945 1439 4015 expressions,
1450 3942 1477 3989 2⁰

391 4025 442 4082 the
456 4028 539 4081 effect
553 4025 615 4081 that
629 4027 678 4082 the
694 4044 850 4099 conqueror
863 4046 928 4099 may
942 4030 1009 4085 taire
1027 4031 1081 4084 elle
1104 4038 1135 4084 to
1149 4030 1287 4085 thesemo
1298 4030 1382 4084 effect
1394 4027 1417 4080 is
1434 4022 1478 4077 tho

391 4130 509 4185 passage
523 4112 556 4167 of
566 4113 645 4185 Livy,
658 4112 750 4168 where
767 4114 804 4169 he
816 4131 879 4185 says
890 4115 960 4178 thet,
976 4115 1010 4169 of
1021 4116 1077 4180 old,
1093 4115 1141 4169 the
1150 4116 1276 4170 Romans
1290 4132 1364 4170 nera
1377 4118 1426 4165 not
1439 4124 1477 4162 sa·

391 4199 484 4254 tisfled
504 4200 571 4253 with
592 4198 729 4271 snything
747 4198 827 4254 short
843 4201 877 4254 of
887 4218 906 4255 a
925 4202 1065 4272 complete
1083 4201 1235 4255 surrender
1249 4217 1286 4254 on
1305 4199 1355 4253 the
1373 4204 1434 4269 pert
1451 4188 1480 4245 <tf

391 4283 467 4339 their
478 4286 609 4339 anemius.
653 4286 717 4339 And
731 4302 770 4340 we
785 4286 856 4341 herc
867 4285 962 4342 shewn
975 4287 1037 4342 that
1049 4287 1130 4342 those
1142 4286 1203 4341 who
1215 4286 1287 4341 have
1301 4276 1477 4341 surrendered

391 4386 456 4441 may
470 4372 630 4426 sometimes
645 4371 769 4443 lswsully
783 4371 820 4427 he
834 4379 887 4445 put
900 4378 931 4428 to
946 4372 1041 4432 death.

449 4455 483 4509 Ῑι.
521 4462 535 4509 1
560 4457 617 4511 But
629 4456 677 4513 the
695 4458 793 4524 victer,
813 4458 844 4513 in
857 4458 941 4515 order
952 4464 1003 4514 not
1014 4465 1044 4514 to
1056 4458 1093 4515 do
1105 4458 1241 4532 anything
1252 4456 1385 4531 nujustly‚
1399 4446 1479 4520 ought
