3225 5125
375 349 439 413 352
482 356 535 411 Du
557 356 650 412 FIDE
671 354 840 412 PUBLICA
862 356 942 421 QUI
963 356 1125 411 BELLUM
1145 355 1315 421 FINITUR,
1338 352 1417 424 [Lus.
1427 355 1479 410 111.

374 523 424 588 ire
442 523 489 587 ad
505 523 670 586 arbitrem
687 542 787 605 qaam
804 521 842 585 irs
850 521 918 604 jue,
938 518 1090 584 rationem
1104 516 1262 605 adjiciens,
1280 514 1299 589 ὁ
1314 513 1390 611 γὰρ
1407 511 1481 586 brar·

375 618 480 701 τητῆς
500 616 544 687 rb
560 615 697 690 ἐπιεικὲς
713 615 785 710 ὁρᾷ.
811 611 879 686 ddi
898 610 1132 698 barbarismis
1154 615 1257 699 νόμον·
1280 618 1332 685 roi
1353 615 1479 687 τούτου

375 716 467 788 ἕνεκα
483 712 653 799 διαιτητὴς
670 713 787 811 εὑρέθη
803 714 891 789 ὅπως
909 713 950 784 rb
967 714 1106 788 ἐπιεικὲς
1123 713 1234 816 ἰσχύῃ·
1257 740 1336 782 nam
1354 719 1480 784 arbiter

375 822 415 885 s‘cl
434 822 520 906 quod
536 840 663 904 (equum
679 829 726 883 eet
745 819 890 904 respicit,
903 817 1007 900 judae
1030 819 1151 903 legem:
1177 820 1242 882 imo
1264 818 1393 882 arbiter
1414 818 1480 900 ejrss

376 921 427 986 rei
442 941 546 985 eausa
560 929 710 1004 repertus
725 929 781 993 est,
798 928 837 982 ut
853 917 975 982 valeret
991 919 1142 1002 aquitae.

450 1019 471 1082 2
507 1018 577 1095 Quo
600 1015 633 1081 in
654 1015 721 1080 loeo
748 1016 879 1101 :equitas
904 1037 966 1080 non
992 1015 1118 1102 proprie
1143 1014 1308 1104 significat,
1333 1023 1373 1082 ut
1396 1013 1480 1094 alibi,

376 1124 498 1206 partem
524 1115 609 1180 illam
629 1113 770 1201 justitiae,
794 1136 865 1201 quae
886 1113 965 1202 legis
981 1136 1090 1180 sonum
1110 1115 1289 1203 generalem
1311 1135 1351 1181 ex
1375 1123 1480 1180 mente

376 1215 512 1282 auctoris
527 1214 691 1280 adductius
707 1213 942 1300 interpretetur,
965 1215 1050 1298 (nam
1067 1214 1135 1279 hoec
1152 1222 1185 1280 et
1198 1212 1298 1300 judici
1315 1212 1480 1280 commissa

377 1317 437 1399 est)
458 1314 514 1380 sed
540 1335 631 1378 omne
650 1311 693 1388 id,
717 1312 800 1398 quod
818 1311 933 1379 rectius
955 1312 992 1380 fit
1007 1334 1101 1399 quam
1117 1333 1181 1377 non
1197 1314 1243 1392 fit,
1267 1313 1365 1380 etiam
1389 1321 1481 1379 extra

371 1413 502 1502 justitiae
523 1410 651 1498 proprie
671 1411 761 1477 dictae
782 1411 919 1500 regulae.
971 1413 1035 1478 Sed
1055 1412 1134 1478 tales
1154 1411 1267 1480 arbitri
1290 1411 1374 1479 sicut
1399 1412 1481 1478 inter

376 1512 516 1602 priuatos
532 1519 565 1576 et
587 1510 725 1597 ejusdem
747 1511 870 1598 imperii
886 1511 971 1576 cives
987 1511 1167 1598 frequentes
1188 1520 1271 1589 sunt,
1288 1520 1323 1578 et
1338 1511 1481 1598 speciali-

376 1621 427 1679 ter
450 1611 635 1677 Christianis
657 1611 913 1676 commendantur
934 1611 975 1676 ab
1000 1611 1150 1698 Apostolo
1175 1610 1276 1677 Paulo
1299 1633 1319 1676 1.
1339 1612 1418 1677 Cor.
1438 1609 1479 1677 ri.

376 1711 422 1778 ita
442 1711 476 1777 in
500 1710 594 1776 dubio
619 1732 682 1776 non
709 1710 804 1778 debet
828 1717 917 1776 tanta
939 1718 1078 1796 potestas
1099 1731 1244 1776 concessa
1263 1709 1420 1799 intelligi:
1448 1709 1480 1774 in

377 1810 479 1877 dubiis
495 1810 586 1885 enim,
608 1809 692 1895 quod
708 1808 866 1874 minimum
884 1818 941 1887 est,
965 1809 1143 1895 sequimur:
1169 1809 1324 1897 praecipue
1347 1807 1481 1876 veroid

376 1909 477 1976 locum
503 1910 599 1976 habet
624 1909 707 1974 inter
733 1930 885 1974 summam
911 1916 1099 1996 potestatem
1121 1907 1305 1984 obtinentes,
1326 1909 1384 1995 qui
1411 1929 1481 1974 cum

371 2008 509 2094 judicem
524 2030 715 2075 communem
731 2029 794 2072 non
811 2008 956 2084 habeant,
977 2007 1130 2074 arbitrum
1156 2007 1301 2074 censendi
1325 2017 1402 2074 sunt
1425 2007 1481 2074 ad·

377 2107 539 2174 strinxisse
556 2109 594 2174 iis
610 2108 737 2196 regulis,
755 2106 867 2195 quibus
879 2107 992 2195 judicis
1008 2107 1138 2172 officium
1155 2105 1310 2195 adstringi
1326 2109 1420 2174 solet.

451 2208 603 2274 XLVIll.
656 2206 739 2272 Illud
761 2214 867 2272 tamen
888 2205 1115 2273 observandum
1138 2216 1196 2283 est,
1220 2206 1357 2272 arbitros
1383 2207 1479 2272 lectos

375 2329 397 2373 ο
411 2305 535 2394 populis
554 2316 610 2371 aut
625 2305 752 2370 summis
773 2305 978 2391 potestatibus
994 2298 1054 2371 ¹¹de
1071 2304 1233 2393 principali
1254 2305 1385 2393 negotio
1408 2327 1479 2393 pro-

376 2405 521 2470 nuntiare
541 2404 666 2481 debere,
684 2425 747 2468 non
764 2404 804 2469 de
821 2404 1031 2491 possessione:
1056 2426 1129 2469 nam
1150 2404 1339 2490 possessoris
1359 2403 1479 2492 judicia

372 2503 454 2592 juris
472 2502 569 2570 civilis
585 2511 671 2569 suut:
684 2502 758 2590 jure
774 2504 916 2592 gentium
933 2503 1110 2591 possidendi
1121 2503 1173 2591 jus
1190 2502 1358 2570 dominium
1377 2503 1479 2590 sequi·

377 2614 439 2671 tur.
483 2604 571 2682 Ideo,
586 2604 659 2669 dum
677 2624 769 2668 causa
786 2604 992 2691 cognoscitur,
1011 2602 1088 2668 nihil
1105 2612 1153 2669 est
1168 2602 1391 2682 innovandum,
1408 2613 1475 2670 tum

376 2725 418 2768 ne
432 2701 643 2790 prejudicium
658 2701 723 2778 fiat,
741 2708 807 2766 tum
822 2701 896 2788 quia
913 2702 1042 2769 difficilis
1057 2711 1106 2769 est
1118 2702 1322 2792 recuperatio.
1369 2702 1478 2769 Livius

419 2877 432 2911 l
447 2879 487 2924 Da
498 2876 632 2937 principali
640 2878 731 2938 negotio
742 2878 901 2937 prmatiars
950 2876 1013 2926 Vide
1025 2877 1152 2923 Semnum
1163 2876 1269 2923 ilenrico
1276 2876 1322 2923 lv.
1334 2874 1479 2937 [autpotius

375 2954 464 3012 debas,
478 2969 524 3000 noa
538 2954 568 3001 da
579 2952 737 3014 possam]
755 2953 784 2999 ld
795 2954 844 3000 dua
855 2953 899 3000 Su·
950 2967 1014 3009 eum,
1025 2952 1067 3012 qni
1078 2952 1172 2999 Samaei
1185 2951 1313 2999 ilistoriam
1324 2952 1426 2999 ultas-iim
1436 2952 1478 2999 de-

374 3030 468 3077 baudIas
477 3030 572 3077 dicebat
580 3029 605 3075 iu
618 3028 780 3076 controversia
790 3028 899 3077 Saluoisa
950 3028 1039 3089 duxit]

378 3252 448 3305 uta:
458 3249 549 3320 esais·
562 3267 629 3304 men
640 3250 698 3305 will
708 3252 800 3305 rather
811 3268 845 3321 9⁰
858 3258 883 3304 to
898 3266 936 3303 ca
948 3250 1051 3303 arbiter
1062 3248 1128 3302 than
1140 3258 1166 3304 to
1181 3266 1200 3303 ο
1208 3248 1301 3322 judee,
1315 3248 1422 3303 besam
1436 3246 1476 3301 ιιι

375 3337 477 3392 arbiter
491 3336 563 3390 loebe
577 3344 604 3390 to
619 3338 716 3408 epaity,
731 3338 772 3391 the
779 3338 864 3409 jadas
879 3344 905 3389 to
921 3336 983 3389 law.

432 3428 450 3475 2
479 3422 514 3475 In
527 3421 584 3476 this
598 3422 687 3492 place,
700 3422 789 3493 sqaby
803 3422 871 3476 does
889 3428 940 3475 not
955 3438 1046 3485 mean,
1058 3437 1089 3475 ss
1103 3416 1265 3483 elsewhere,
1284 3416 1349 3474 that
1362 3424 1430 3491 part
1444 3414 1477 3472 of

371 3508 474 3578 justice
497 3505 587 3559 which
608 3507 760 3577 interprete
782 3506 832 3560 the
853 3506 905 3560 law
925 3506 964 3577 by
987 3507 1023 3561 its
1046 3504 1163 3577 general
1181 3503 1321 3575 tendcncy
1339 3505 1397 3559 and
1415 3502 1473 3558 real

374 3606 505 3663 purpose,
519 3590 578 3656 (for
591 3589 647 3645 this
661 3598 726 3661 pert
740 3591 798 3645 also
814 3592 838 3645 is
852 3592 1016 3647 committed
1031 3599 1062 3647 ιο
1076 3591 1126 3647 ιιο
1136 3588 1225 3660 judge
1234 3587 1256 3656 ς)
1270 3590 1324 3644 but
1337 3591 1362 3644 it
1376 3602 1471 3644 means

373 3671 539 3745 ererything
555 3674 646 3728 which
663 3675 687 3730 Is
704 3676 799 3730 better
816 3676 890 3731 done
909 3676 979 3731 than
996 3683 1048 3734 mot
1065 3677 1147 3741 done,
1164 3691 1236 3730 eren
1255 3680 1423 3731 extraneous
1442 3680 1471 3729 to

373 3759 424 3815 the
438 3758 513 3812 rules
532 3758 566 3813 of
572 3760 684 3829 justice,
696 3763 831 3834 properly
844 3779 876 3818 so
895 3764 995 3818 called.
1041 3763 1118 3818 Such
1136 3760 1255 3817 arbiters
1270 3778 1319 3816 are
1332 3761 1471 3833 frequent,

373 3847 404 3899 In
415 3860 493 3901 cases
504 3843 631 3899 between
642 3848 752 3918 private
762 3865 877 3919 persons
890 3849 946 3903 and
958 3849 1071 3904 citizens
1084 3848 1117 3903 of
1128 3847 1265 3903 thesemo
1277 3848 1400 3919 empire:
1416 3843 1470 3901 and

374 3948 423 3987 are
437 3931 587 4003 especially
600 3934 785 3990 commended
799 3940 831 3990 to
846 3934 1000 3991 christiane
1019 3934 1058 4006 by
1078 3936 1112 3990 St
1126 3932 1208 3997 Paul,
1232 3938 1246 3986 1
1264 3932 1328 3988 (ior.
1343 3934 1400 3999 ri:
1420 3932 1470 3986 but

373 4017 436 4072 ina
459 4016 591 4072 doubtful
610 4035 682 4084 case,
703 4037 745 4076 we
768 4038 817 4077 aro
831 4026 882 4077 not
902 4026 932 4075 to
952 4036 1073 4092 suppose
1094 4020 1158 4075 that
1180 4034 1212 4074 so
1231 4018 1316 4073 much
1338 4016 1469 4090 powerls

373 4105 502 4177 assigned
516 4110 547 4159 to
560 4103 647 4160 them.
685 4107 743 4161 For
756 4108 785 4160 iu
800 4106 933 4162 doubtful
947 4123 1032 4171 cases,
1045 4123 1088 4161 we
1102 4120 1213 4161 assume
1227 4120 1258 4158 ss
1273 4104 1347 4160 little
1362 4121 1393 4160 ns
1407 4118 1471 4174 may

373 4190 419 4247 ιο.
464 4190 529 4246 And
551 4191 607 4246 thIs
626 4193 776 4265 especially
788 4192 880 4257 holds,
896 4192 1024 4247 between
1044 4192 1149 4263 parties
1168 4190 1230 4245 who
1252 4188 1324 4245 hare
1342 4204 1470 4262 supreme

1515 11 1589 330 l

373 4276 535 4348 authority:
556 4277 602 4332 for
617 4277 707 4343 these,
727 4278 804 4331 since
822 4277 891 4349 they
907 4277 980 4333 have
997 4295 1034 4333 no
1053 4294 1185 4334 common
1202 4277 1300 4347 judge,
1317 4292 1367 4331 are
1389 4281 1420 4330 to
1434 4274 1469 4328 be
1580 4322 1582 4331 ι

372 4363 513 4436 supposed
526 4369 558 4418 to
572 4361 644 4418 have
657 4362 754 4417 bound
767 4363 818 4417 the
839 4364 946 4419 arbiter
962 4363 1001 4436 by
1016 4364 1065 4420 tho
1078 4364 1154 4419 rulos
1167 4364 1206 4435 by
1221 4361 1312 4417 which
1327 4362 1377 4417 the
1392 4362 1469 4417 office

372 4449 407 4503 of
418 4467 436 4503 a
446 4450 534 4519 judge
547 4450 571 4504 ts
586 4448 744 4519 commonly
758 4448 863 4504 bound.

430 4535 564 4590 XLVIII.
607 4532 676 4588 'l'bis
693 4532 823 4593 however
840 4537 864 4591 Is
878 4542 908 4592 to
923 4536 960 4592 ιο
974 4536 1131 4600 remathad,
1148 4535 1212 4595 that
1229 4535 1349 4591 arbitcrs
1368 4532 1468 4589 chosan
