3225 5125
352 333 393 395 18
547 295 550 301 ¹
610 339 803 404 QUANTUM
824 340 868 393 IN
889 340 1014 394 Buuuo
1037 340 1182 404 LIOEAT,
1311 335 1383 409 [Lm.
1397 341 1452 394 111.

353 503 497 569 Diximus
514 501 596 568 enim
611 502 664 590 jus
681 501 821 591 gentium
839 500 908 579 dici,
926 511 959 567 et
974 501 1058 588 quod
1074 501 1203 589 singulis
1223 501 1370 589 gentibus
1386 503 1453 590 pla·

353 603 415 670 cuit
436 603 502 669 sine
527 611 636 669 mutua
656 601 854 690 obligatione,
873 610 906 667 et
921 600 953 666 id
971 601 1055 687 quod
1072 610 1210 667 mutuam
1230 601 1453 690 obligationem

265 736 266 739 ¹
352 704 385 769 in
401 724 436 768 se
451 702 596 769 continet.
647 703 766 769 ⁴Vcees
782 722 869 789 ergo,
889 707 923 765 et
944 709 1048 776 nutus,
1066 708 1099 766 et
1114 708 1199 765 note
1215 722 1292 786 quas
1308 701 1453 779 diximus,

352 810 480 890 reperta
501 811 573 868 sunt
599 802 640 867 ad
665 799 898 889 significandum
923 821 993 865 cum
1018 809 1126 865 mutua
1148 798 1347 887 obligatione,
1367 802 1453 887 quod

229 922 237 960 ι·
299 947 305 959 -
354 901 538 969 Aristoteles
563 901 643 967 dixit
668 895 755 968 card
779 895 960 980 σονθῆκηνε
983 920 1035 965 res
1054 898 1125 965 alim
1146 920 1209 964 non
1229 899 1313 965 item.
1366 901 1452 966 Hinc

190 969 235 1007 μ’
354 1004 392 1068 fio
417 1006 473 1067 ‘lut
502 1002 596 1068 rebus
620 1000 687 1066 ullis
715 998 760 1065 uti
782 999 884 1074 liceat,
910 998 1031 1065 etiamsi
1057 997 1285 1085 praevideamus
1311 1000 1452 1067 futurum

354 1111 391 1169 ut
424 1102 504 1167 alter
535 1101 608 1167 inde
636 1100 746 1165 falsam
773 1098 927 1186 concipiet
950 1098 1133 1186 opinionem.
1185 1099 1312 1184 Loquor
1344 1099 1385 1164 de
1414 1123 1452 1166 eo

354 1201 438 1288 quod
460 1200 659 1267 intrinsecum
685 1207 742 1275 est,
764 1220 828 1264 non
854 1199 895 1264 de
921 1220 959 1263 eo
984 1199 1069 1284 quod
1090 1196 1211 1264 accidit.
1262 1200 1373 1285 Itaque
1396 1222 1447 1265 ex·

355 1301 489 1388 emplum
511 1301 685 1387 ponendum
712 1306 769 1377 est,
792 1297 862 1363 rubi
886 1298 1005 1363 nullum
1028 1297 1169 1383 sequitur
1190 1297 1264 1364 inde
1288 1320 1453 1364 nocumen-

354 1409 431 1477 tum,
448 1407 503 1465 aut
519 1400 574 1465 ubi
590 1406 805 1465 nocumentum
830 1397 942 1485 ipsum,
965 1397 1101 1484 seposita
1117 1396 1181 1462 doli
1196 1396 1451 1477 consideratione,

354 1499 471 1565 licitum
488 1507 544 1566 est.

192 1609 344 1650 casuum
430 1602 452 1664 3
478 1596 596 1663 Peioris
618 1595 793 1684 exemplum
819 1604 868 1662 est
899 1594 932 1660 in
963 1596 1098 1674 Christo,
1127 1595 1180 1682 qui
1211 1596 1297 1682 apud
1326 1596 1453 1663 comites

356 1697 559 1765 Emauntinoe
577 1698 817 1791 προσεποιεῖτο
832 1694 879 1760 ire
893 1694 1025 1783 longius,
1042 1694 1076 1761 id
1093 1704 1150 1770 est,
1166 1694 1300 1781 speeiem
1314 1696 1455 1783 praetulit

355 1798 430 1864 ituri
455 1796 585 1885 longine,
609 1796 667 1862 nisi
690 1794 830 1861 malimus
850 1816 925 1861 vere
947 1816 1070 1881 quoque
1091 1792 1221 1860 voluime
1237 1816 1309 1859 cnm
1324 1794 1372 1860 ire
1387 1794 1455 1860 lon-

357 1897 435 1988 gius,
456 1897 514 1963 sub
535 1895 709 1963 conditione
730 1904 837 1961 tamen
858 1894 917 1960 nisi
937 1916 1051 1984 magno
1074 1894 1143 1959 nisu
1164 1893 1363 1971 retineretur,
1380 1916 1455 1980 quo·

357 1999 449 2065 modo
474 2006 508 2064 et
531 1997 619 2063 Deus
644 1996 742 2062 multa
766 1995 847 2061 welle
872 1994 986 2060 dicitur
1010 2016 1081 2080 quse
1107 2016 1169 2059 non
1196 1994 1296 2061 fiunt:
1323 2002 1357 2060 ct
1381 1993 1455 2060 alibi

195 2114 340 2154 Marc-vett·
359 2099 502 2164 Christus
523 2098 591 2183 ipse
614 2096 726 2162 dicitur
751 2095 884 2162 voluisse
906 2096 1068 2182 praeterire
1088 2095 1243 2181 apostolos
1263 2094 1454 2182 naviganteS,

356 2220 468 2284 nempe
495 2196 555 2262 nisi
583 2196 721 2281 impense
750 2201 917 2280 rogaretur
943 2216 1054 2285 nerem
1081 2194 1256 2258 ascendere.
1312 2193 1455 2259 Alterum

401 2372 412 2399 ⁴
426 2370 494 2426 Heio,
510 2373 539 2416 ut
555 2370 580 2413 in
597 2372 651 2413 toto
667 2370 810 2428 argumento
826 2368 881 2423 isto,
928 2382 982 2415 ecre
995 2369 1113 2427 complut
1125 2366 1267 2428 opinionem]
1283 2367 1347 2414 Vide
1356 2368 1457 2427 Augus-

356 2445 514 2493 conierendns
533 2446 650 2503 perpetuo
671 2443 881 2498 Punnrnonrrus,
929 2444 1008 2489 tinum
1024 2443 1053 2489 dc
1067 2443 1187 2491 Doctrina
1205 2441 1347 2489 abactas
1360 2442 1415 2491 Lib.
1425 2456 1456 2492 rr.

356 2520 396 2568 De
412 2520 474 2568 Jure
488 2518 549 2566 Nat.
564 2522 586 2565 et
600 2516 667 2565 (ieet.
685 2516 738 2564 Lib.
747 2529 782 2564 xv.
799 2530 852 2577 cap.
860 2519 883 2573 1,
931 2532 985 2578 cap.
995 2521 1034 2566 34.

356 2611 410 2642 oum
427 2595 498 2642 Notis
514 2593 608 2651 nostris,
628 2593 671 2638 ubi
686 2606 725 2638 res
745 2592 882 2638 adcuratins
975 2599 986 2628 ¹
1005 2593 1327 2656 Ubiaullusaindeeepuiiur
1336 2611 1458 2645 mm.

355 2675 525 2732 pertractatnr,
540 2669 566 2715 in
582 2668 659 2714 ultera
676 2669 807 2728 prasertim
823 2667 882 2712 Edi·
931 2668 991 2730 tuac]
1006 2670 1043 2716 Ut
1053 2670 1154 2718 infacto
1164 2671 1285 2729 Micholis,
1301 2687 1320 2722 r.
1332 2675 1396 2724 Sam.
1406 2676 1456 2723 xix.

353 2748 428 2794 tione.
459 2747 487 2794 J.
497 2746 529 2793 Β.
932 2745 968 2793 m

401 2831 413 2866 e
432 2823 464 2870 Ut
479 2821 548 2868 rebus
567 2822 625 2868 aliis
641 2822 677 2868 uti
692 2822 770 2877 licent,
790 2818 883 2867 elimati
976 2820 1158 2881 *Otxompluul
1180 2823 1220 2870 Sic
1236 2824 1300 2870 lmnc
1318 2826 1457 2884 vocandam,

352 2897 527 2958 provideamus
533 2897 646 2958 futurum
655 2903 682 2945 ut
695 2897 757 2944 ulter
766 2895 883 2954 indesnl-
932 2908 982 2940 non
996 2895 1098 2950 ἀπάτην
1112 2896 1137 2940 id
1152 2902 1189 2943 est
1203 2899 1318 2958 fraudem,
1331 2897 1367 2948 nit
1380 2901 1456 2963 cuq-

356 3133 447 3190 whioh
458 3133 516 3189 had
534 3134 608 3190 been
623 3132 792 3189 established
810 3132 849 3204 by
867 3138 996 3204 separate
1012 3133 1123 3188 natione
1137 3132 1255 3188 without
1269 3134 1378 3189 mutual
1390 3150 1457 3188 con·

356 3223 467 3288 nexion,
474 3222 530 3276 end
538 3227 568 3278 to
578 3221 641 3277 that
649 3220 740 3276 which
749 3220 1041 3276 containsacommon
1052 3219 1160 3275 mutual
1169 3219 1332 3290 obligation.
1356 3220 1457 3275 Words

357 3310 436 3376 then,
455 3310 510 3366 and
522 3309 601 3374 node,
613 3308 668 3362 and
685 3307 735 3362 the
752 3309 863 3361 written
879 3305 1037 3359 characters
1049 3305 1139 3357 which
1151 3321 1192 3357 we
1203 3304 1274 3358 hare
1286 3306 1457 3368 mentioned,

357 3398 429 3452 huwe
440 3397 512 3451 been
524 3392 656 3447 invented
671 3398 701 3444 tc
715 3391 818 3458 signiiy
829 3405 847 3439 a
858 3388 989 3454 meaning
1000 3385 1067 3438 with
1078 3386 1188 3438 mutual
1199 3386 1362 3454 obligation,
1373 3403 1407 3439 or
1418 3387 1457 3458 by

357 3479 525 3536 convention
532 3497 540 3538 ;
563 3477 614 3528 but
628 3473 710 3527 other
724 3473 826 3540 things,
834 3475 885 3522 not
896 3485 936 3522 so.
968 3469 1065 3522 Hence
1079 3485 1117 3522 we
1129 3485 1195 3538 may
1206 3486 1256 3524 use
1268 3470 1350 3524 other
1361 3471 1456 3544 things

356 3561 492 3630 although
502 3576 544 3612 we
555 3559 663 3611 foresec
681 3555 743 3609 that
758 3552 878 3608 another
891 3569 994 3623 person
1012 3553 1069 3606 will
1088 3553 1243 3609 therefrom
1260 3555 1335 3610 form
1352 3575 1371 3612 a
1384 3558 1457 3614 false

357 3646 480 3718 opinion.
519 3643 533 3697 1
556 3641 643 3712 spcak
665 3640 698 3695 oi
719 3639 792 3694 what
815 3640 839 3694 is
861 3639 996 3702 intrinsic,
1019 3644 1070 3694 not
1089 3639 1123 3695 of
1140 3638 1216 3695 what
1241 3659 1305 3715 may
1330 3643 1454 3716 huppen.

357 3729 510 3786 Thereiore
524 3744 566 3782 we
583 3733 660 3781 must
677 3725 744 3781 take
763 3741 800 3780 an
819 3725 948 3796 example
969 3725 1063 3782 where
1082 3743 1120 3782 no
1141 3726 1260 3800 damage
1276 3728 1405 3797 followa3
1424 3748 1458 3786 or

355 3817 449 3871 where
462 3815 512 3869 the
527 3814 652 3883 damage,
664 3812 856 3884 settingaside
867 3812 917 3867 the
928 3811 1178 3868 considerationes
1189 3813 1325 3881 demitis
1338 3816 1443 3872 lawful.

411 3907 428 3956 3
451 3901 491 3954 of
509 3899 558 3954 the
573 3899 680 3954 former
694 3899 762 3953 kind
778 3915 820 3953 we
834 3899 905 3954 have
926 3915 962 3952 an
982 3900 1111 3972 example
1130 3900 1160 3954 in
1180 3901 1283 3967 Christ,
1302 3902 1373 3967 who,
1388 3902 1456 3957 har-

356 3988 405 4059 ing
421 3985 622 4058 aceompanied
641 3985 691 4040 the
713 3986 843 4058 disciples
860 3991 892 4040 to
909 3986 1051 4050 Emmaus,
1073 3987 1152 4041 made
1173 4005 1204 4042 cs
1221 3988 1253 4058 is
1269 3990 1300 4043 lte
1316 3989 1407 4044 would
1421 4007 1456 4061 9⁰

348 4075 479 4148 fluiter:
498 4072 535 4127 he
550 4072 706 4145 pretended
728 4077 759 4127 to
783 4072 882 4127 intend
899 4077 930 4127 to
945 4071 982 4126 do
1003 4088 1050 4127 eo:
1074 4078 1174 4144 except
1188 4089 1229 4128 we
1244 4075 1339 4146 prefer
1359 4081 1389 4130 to
1407 4091 1458 4147 say

356 4161 420 4216 that
432 4158 467 4214 he
483 4160 530 4213 did
543 4159 641 4213 intend
657 4165 686 4213 to
701 4175 737 4230 go
752 4159 862 4213 further
876 4164 976 4231 except
985 4158 1023 4213 he
1034 4175 1107 4214 were
1119 4159 1252 4214 detained
1265 4162 1303 4233 by
1316 4178 1455 4234 urgencyr

356 4265 387 4303 as
410 4246 515 4302 Godis
537 4245 597 4299 said
615 4251 645 4299 to
664 4244 763 4300 intend
780 4262 864 4316 many
882 4243 976 4314 things
999 4244 1089 4298 which
1108 4245 1144 4300 do
1163 4252 1213 4301 not
1234 4262 1314 4302 come
1335 4255 1366 4301 to
1383 4264 1457 4318 pass.

356 4334 471 4389 Audin
494 4331 614 4386 another
635 4331 715 4402 place
738 4330 840 4395 Christ,
862 4330 885 4384 it
904 4331 927 4384 is
948 4330 1017 4394 said,
1044 4328 1140 4396 (Mark
1158 4333 1195 4386 vi.
1214 4331 1264 4398 48)
1284 4335 1374 4388 would
1393 4335 1458 4388 lucc

353 4421 453 4491 possed
469 4421 502 4490 by
525 4418 574 4473 tbe
599 4416 741 4488 disciples:
764 4416 828 4470 that
853 4417 885 4481 is,
908 4416 934 4469 ii
951 4415 988 4470 he
1011 4415 1068 4470 had
1089 4423 1141 4472 not
1162 4417 1235 4472 been
1257 4420 1387 4490 urgently
1408 4436 1459 4473 en·

356 4506 468 4562 treated
479 4513 509 4562 to
524 4521 604 4561 come
618 4503 678 4558 into
693 4501 741 4558 the
752 4501 824 4574 ship.
853 4502 907 4558 We
919 4518 983 4574 may
994 4503 1058 4574 give
1069 4503 1188 4558 another
1199 4505 1328 4578 example
1337 4506 1368 4560 in
1376 4505 1458 4570 Paul,
