3225 5125
333 347 398 414 268
551 353 904 413 TEMPERAMENTUM
926 351 1040 409 turcl
1061 351 1216 409 CAPTOS.
1291 348 1366 420 [llis.
1379 353 1433 409 111.

171 556 293 606 qma„
334 529 424 613 gesta
445 517 571 613 ἡμέρως
597 520 648 589 sui
674 522 892 610 συγγενικῶς,
920 531 1083 585 mansuete
1109 531 1140 584 et
1164 519 1217 584 ita
1236 529 1275 583 stt
1297 521 1436 605 populea

170 605 263 652 μω
334 623 585 707 comanqaineoe
600 621 742 688 decebat.
793 618 829 684 Si
852 618 921 704 quis
943 625 1054 703 captus
1071 625 1164 694 esset,
1183 637 1253 683 eum
1270 639 1291 682 a
1307 626 1436 705 captore

334 719 474 788 habitum
499 728 536 787 ut
559 719 711 806 hospitem
731 726 765 783 et
786 717 849 783 lide
869 717 910 783 de
929 715 1030 804 pretio
1052 725 1181 804 accepta
1205 714 1363 782 dimissum
1381 717 1436 782 do-

333 841 438 886 mum:
464 819 547 884 unde
563 827 672 884 netum
689 810 864 911 δορυξένων
880 837 1001 882 nomen.

173 949 322 998 nomin
411 920 432 984 2
465 916 651 986 Excelsioris
678 917 773 983 animi
795 923 845 982 est
867 915 944 981 illud
968 913 1131 1004 Pyrrhia
1159 914 1309 982 Cicerone
1329 913 1436 981 laudu-

334 1025 421 1086 tum:

503 1119 585 1177 ’Nec
600 1123 639 1176 mi
653 1137 755 1177 aurum
767 1137 863 1193 posco,
877 1135 930 1176 nec
944 1118 984 1174 mi
998 1119 1123 1191 pretium
1136 1116 1286 1204 dederitis:

469 1254 473 1262 .
505 1205 595 1263 Ferro
609 1224 668 1263 non
680 1223 750 1262 euro
764 1207 852 1262 vitam
867 1221 1013 1261 cernamus
1027 1205 1154 1277 utriquos

509 1294 637 1358 Quorum
651 1293 750 1348 virtuti
764 1291 833 1347 belli
846 1291 962 1347 fortuna
976 1291 1103 1363 pepercit

507 1380 671 1435 Eorundem
684 1378 809 1433 libertati
823 1394 869 1432 me
883 1394 999 1450 parcere
1014 1383 1123 1432 certum
1137 1381 1189 1432 est.

336 1499 410 1565 Non
424 1494 553 1563 dubium
569 1493 644 1581 quin
660 1491 829 1559 crediderit
840 1491 986 1581 Pyrrhus
998 1490 1116 1579 justum
1132 1513 1152 1556 a
1168 1512 1203 1556 se
1215 1489 1330 1557 bellum
1345 1491 1436 1580 geri:

337 1606 442 1664 mmen
458 1593 648 1683 parcendum
665 1591 862 1658 existimabat
878 1612 986 1657 eorum
1003 1590 1150 1667 libertati,
1168 1611 1245 1677 quos
1260 1591 1439 1677 probabiles

285 1761 295 1799 ι
337 1716 440 1763 causae
455 1695 488 1760 in
504 1693 619 1760 bellum
635 1691 785 1758 tulissent.
826 1689 932 1756 Simile
950 1690 1029 1780 Gyri
1045 1690 1161 1756 factum
1177 1689 1316 1756 celebrat
1331 1691 1437 1756 Xeno-

296 1788 302 1800 ’
338 1796 442 1883 phone
467 1791 604 1880 Philippi
626 1789 805 1857 Macedonis
824 1798 896 1877 post
915 1788 1075 1856 victoriam
1096 1789 1129 1854 in
1153 1790 1326 1856 Chaeronea
1342 1789 1437 1877 Poly-

215 1961 234 2000 α
339 1894 430 1962 bins:
456 1890 628 1960 Alexandri
650 1890 684 1956 in
705 1889 843 1977 Scythas
866 1888 1012 1956 Curtius:
1038 1888 1199 1954 Ptolemaei
1221 1888 1306 1976 regis
1321 1895 1355 1955 et
1373 1887 1438 1954 De-

339 1993 453 2071 metrii,
470 1992 553 2058 inter
567 2013 603 2057 se
625 2010 688 2055 non
710 1988 792 2055 bello
813 1987 914 2076 magis
931 2009 1024 2074 quam
1041 1987 1074 2053 in
1090 1989 1228 2076 captivos
1245 1987 1439 2076 benignitate

338 2091 534 2168 certantium,
569 2089 764 2155 Plutarchus.
816 2086 1036 2175 Lysimachum
1068 2109 1144 2153 sero
1176 2087 1347 2154 'Getarum
1379 2109 1438 2152 rex

205 2161 229 2199 ω
240 2188 275 2251 '¹²02
339 2191 566 2257 Dromichaetes
581 2189 663 2254 bello
676 2196 799 2274 captum
811 2185 964 2273 hospitem
980 2207 1069 2252 sunm
1085 2186 1168 2263 fecit,
1183 2185 1439 2275 paupertatisque

202 2295 268 2346 ³⁰21]
337 2290 428 2358 simul
454 2289 574 2355 Geticae
598 2309 636 2353 ac
659 2285 813 2350 comitatis
837 2291 949 2350 testem
974 2284 1090 2352 sactum
1111 2284 1248 2372 perpulit
1266 2291 1303 2351 ut
1324 2283 1439 2350 talibus

338 2387 454 2466 amicis,
472 2408 565 2475 quam
581 2383 722 2451 hostibus
736 2382 786 2450 uti
802 2383 921 2450 mallet.
1018 2401 1021 2408 ·

340 2555 406 2614 dicit,
422 2570 468 2603 nec
485 2553 636 2613 Aristoteles,
652 2569 698 2603 neo
713 2554 867 2604 Andronicus
917 2574 977 2615 τρα.
1006 2556 1067 2619 Peg.
1078 2559 1123 2604 222
1133 2569 1157 2603 s.
1186 2555 1213 2606 J.
1223 2555 1256 2606 B.

337 2631 448 2679 Rhodius
456 2631 481 2676 in
496 2630 646 2689 Parsphrnsi,
657 2644 702 2676 neu
713 2630 817 2677 Michael
828 2632 861 2677 E·
957 2641 967 2675 l
993 2632 1045 2680 Nec
1064 2634 1097 2679 πη·
1116 2647 1201 2679 ussi-sun
1221 2630 1308 2694 posco]
1331 2632 1438 2681 Similem

337 2706 443 2767 pbesius,
460 2706 525 2752 unda
543 2704 625 2765 colligi
645 2710 725 2764 queat,
744 2706 790 2751 hoc
805 2704 861 2764 lege
913 2706 1004 2753 Tiberii
1020 2707 1151 2754 Christiani
1167 2709 1322 2768 Imperatoris
1337 2708 1362 2754 in
1378 2709 1439 2755 Per-

337 2782 441 2842 qusdam
457 2781 577 2827 communi
592 2781 709 2827 sancitum
726 2794 778 2826 eme
796 2779 862 2839 apud
912 2782 1093 2829 sasbonitatsm
1103 2783 1187 2829 landst
1196 2784 1329 2830 Menander
1338 2784 1439 2829 Protec-

338 2858 445 2905 Grecos.
474 2855 638 2911 Immosideo,
654 2854 862 2901 inorationells-
913 2859 959 2912 tor,
971 2855 1071 2917 (Legat.
1081 2860 1200 2917 psg.141.
1211 2860 1232 2903 1.
1248 2856 1297 2905 En
1307 2855 1439 2915 Haeret>

337 2944 485 2981 ssosrmrs
512 2931 541 2978 de
558 2931 621 2977 saule
639 2928 705 2977 obitu
724 2928 862 2989 Lequtiouc,
914 2929 1145 2989 Sisebntibtariana,
1158 2932 1215 2979 item
1226 2932 1316 2979 senesii
1327 2930 1439 2978 Csstellm

339 3007 453 3067 Captivos
463 3007 579 3068 quosdam
589 3010 674 3053 mutuo
683 3004 804 3063 sumsisse,
818 3005 862 3051 ali·
913 3006 985 3065 regis,
995 3006 1056 3051 libro
1065 3018 1104 3053 ιι.
1117 3007 1184 3066 (cap.
1194 3008 1218 3054 5.
1243 3007 1307 3053 Illud
1317 3011 1397 3053 autem
1407 3006 1439 3052 de

337 3098 379 3130 nm
398 3088 446 3131 tres
465 3083 640 3141 misenatium
659 3082 769 3142 quinque,
788 3080 863 3127 alium
915 3078 1125 3140 Slsebntolegitur
1134 3080 1230 3130 Lib.sr.
1242 3080 1340 3141 cape.)

337 3162 411 3219 prout
425 3158 511 3218 cntqnc
526 3156 674 3204 conditlones
689 3159 758 3201 eraut
772 3168 862 3215 propo·
958 3162 969 3189 ¹
989 3154 1102 3202 Germ
1119 3170 1162 3201 m
1179 3152 1362 3215 Dromictoetcs]
1383 3154 1438 3201 bls-

338 3233 406 3280 sitoes
421 3231 450 3279 ‘0
463 3233 516 3292 μὲν,
530 3236 600 3291 τρεῖς
613 3232 682 3291 μνᾶς,
698 3228 713 3276 ὁ
728 3229 761 3286 ti,
775 3228 862 3287 πέντε,
914 3229 985 3275 minit
999 3232 1024 3276 et
1037 3228 1159 3276 Diodorus
1170 3228 1265 3277 Siculus
1274 3230 1299 3275 in
1309 3230 1439 3291 Esccsph's

336 3308 353 3357 ὁ
367 3308 401 3367 di,
414 3308 483 3355 brus
495 3305 639 3367 συνέβαινεν
648 3303 756 3363 ἑκάστῳ,
768 3303 804 3349 ssi
819 3303 864 3350 tt-
913 3302 1083 3352 Pcs‘rsses'ussis.
1112 3303 1186 3365 (Psg.
1196 3306 1249 3365 sui,
1259 3303 1325 3364 258)

338 3562 436 3627 grants
449 3555 505 3611 this
525 3554 693 3627 indulgence
710 3560 742 3608 to
762 3569 849 3626 many
861 3550 924 3608 who
944 3551 1016 3607 bure
1038 3568 1118 3608 come
1136 3553 1197 3608 into
1217 3552 1286 3609 debt
1303 3552 1342 3625 by
1362 3552 1439 3608 their

337 3656 402 3695 own
418 3646 474 3695 act.
509 3640 546 3694 In
565 3639 648 3695 other
668 3654 753 3702 casea,
772 3638 828 3694 this
849 3639 873 3694 is
891 3637 1067 3693 determined
1086 3638 1124 3709 by
1141 3638 1194 3693 law
1211 3655 1244 3694 or
1260 3644 1385 3705 curtem
1406 3654 1439 3693 as

336 3725 488 3797 anciently,
507 3741 610 3795 among
631 3724 681 3780 the
703 3724 820 3790 Greeks,
838 3723 888 3779 the
910 3740 1023 3779 rursum
1043 3740 1099 3779 nus
1119 3729 1163 3779 set
1184 3729 1216 3779 at
1235 3741 1254 3779 a
1273 3726 1359 3788 mina,
1381 3723 1439 3778 and

336 3825 442 3881 among
463 3810 589 3875 soldiers,
606 3815 638 3864 at
654 3826 673 3864 a
690 3809 812 3865 month's
833 3825 897 3881 pay.
942 3809 1079 3864 Plutarch
1099 3826 1162 3882 says
1181 3809 1244 3864 that
1265 3808 1315 3865 the
1338 3810 1439 3865 corin·

336 3894 431 3950 thisns
458 3894 516 3949 and
540 3896 707 3966 Megareans
731 3895 840 3951 carried
867 3911 905 3949 on
927 3910 985 3949 var
1007 3892 1168 3965 humunely.
1208 3895 1339 3967 Captivos
1364 3910 1439 3950 nere

337 3980 479 4036 rechonod
489 3996 520 4036 as
530 3980 580 4036 the
590 3988 685 4051 guests
694 3980 727 4035 of
735 3980 811 4036 their
821 3986 939 4051 captore,
949 3979 1006 4033 aud
1017 3980 1163 4036 dismissed
1171 3996 1210 4035 on
1220 3980 1295 4035 their
1305 3982 1438 4051 promise.

391 4073 409 4121 2
437 4066 518 4121 More
531 4066 641 4138 loi'tyin
652 4066 767 4137 spiritis
780 4065 857 4121 what
867 4066 966 4119 (liceto
976 4070 1075 4137 quotes
1087 4065 1120 4121 of
1131 4066 1256 4137 Pyrrhus
1265 4062 1335 4136 (Off.
1346 4074 1366 4120 1.
1377 4064 1439 4133 12);

338 4170 371 4209 so
385 4153 491 4225 Cyrus,
508 4150 611 4222 Philip,
625 4151 699 4206 ulter
713 4151 884 4215 <thrasonem
906 4150 1072 4216 Alexander,
1083 4151 1203 4207 sonaim
1218 4151 1267 4207 the
1277 4151 1439 4223 Scythiam

338 4238 469 4311 Ptolemy
483 4238 540 4292 and
553 4238 715 4293 Demetrius
734 4236 907 4307 contending
925 4236 955 4290 in
974 4238 1134 4317 generosity
1153 4242 1184 4291 to
1199 4238 1349 4308 prisoners,
1363 4253 1394 4291 as
1408 4237 1440 4290 in

338 4342 422 4381 erma
465 4321 676 4388 Dromichmtea,
696 4322 765 4393 king
781 4322 817 4377 of
833 4321 883 4378 the
902 4321 991 4386 Getae,
1010 4322 1094 4377 made
1114 4322 1297 4395 Lysimachus
1317 4321 1361 4377 his
1381 4323 1439 4392 pri·

338 4427 431 4475 sonet,
455 4410 500 4466 his
517 4414 606 4481 guest,
627 4408 684 4463 and
705 4425 724 4463 a
742 4408 856 4463 witness
873 4407 907 4462 ot
925 4407 975 4463 the
996 4413 1115 4481 poserty
1135 4408 1192 4463 and
1217 4408 1314 4483 equity
1335 4407 1369 4463 of
1388 4407 1439 4465 the

339 4496 430 4563 (tetre,
441 4497 499 4552 and
513 4496 579 4552 thus
592 4494 695 4568 gained
708 4492 768 4549 him
782 4510 814 4550 as
827 4493 871 4550 his
885 4492 988 4549 friend.
