3225 5125
165 348 232 405 Cer.
245 345 295 416 V.]
339 349 392 404 DE
415 350 542 406 REBUS
564 348 782 405 vesililms
804 349 1119 415 ERIPIENDISQUE.
1206 341 1265 404 101

166 511 306 580 Deorum
324 513 454 580 doneris
475 509 564 600 ¹³eupi
585 535 606 580 u
628 511 794 581 victoribus
818 515 918 582 solere
938 515 1059 582 notaui
1075 514 1267 585 Pelisenins·
1258 531 1325 572 wib
1334 532 1403 572 Μ

163 623 196 680 et
213 614 323 680 Cicero
340 613 415 679 belli
431 613 533 703 legem
549 614 583 680 id
598 621 699 692 rooet,
717 615 757 681 de
776 614 813 680 P
831 613 965 682 Servilio
987 617 1135 704 loquens.
1161 620 1307 714 nieuw
1279 631 1307 670 ¹
1317 631 1397 671 Vm

162 713 328 800 inquitet
353 725 542 780 ονοοηιοιιιο
569 735 609 780 ee
636 715 718 781 urbe
742 716 885 780 hostium
908 718 944 782 oi
968 728 999 783 ei
1020 719 1144 782 virtute
1164 731 1267 804 copta

164 814 241 879 tells·
261 814 328 898 leqe
351 824 451 898 atque
471 815 684 899 imperatorio
700 815 778 899 juro
797 816 941 880 sustulit.
989 814 1042 881 Sio
1064 815 1169 881 Livius
1189 826 1266 883 tem·
1278 821 1362 863 ΒΜ
1333 834 1383 865 ¹¹¹·
1392 825 1424 868 Ἀ

163 911 286 1000 plorum
311 921 493 978 ornaments
511 933 581 999 qum
604 911 768 1001 Syracusis
790 913 959 980 Meroellus
980 916 1113 980 Romam
1138 916 1267 983 advexit

160 1025 267 1098 porta
282 1010 327 1078 sit
342 1012 459 1078 tells·
435 1035 522 1096 jure.
567 1012 601 1078 0.
619 1010 788 1078 Flaminius
804 1034 863 1100 pro
879 1014 926 1080 ll.
942 1014 1074 1081 Fulvio.
1095 1038 1193 1101 ιιφιο
1209 1019 1294 1105 ab·L
1278 1021 1297 1058 ⁸
1316 1020 1420 1107 {gud

164 1111 239 1178 tata
259 1123 290 1177 et
314 1123 421 1177 eelera
438 1113 535 1195 foeta
557 1134 628 1196 quse
649 1115 758 1198 captis
779 1113 917 1180 urbibus
938 1116 1071 1182 soleant.
1121 1065 1316 1181 spalmis*

164 1229 288 1298 quoque
311 1210 344 1276 in
359 1209 501 1276 oratione
524 1210 631 1277 belli
617 1233 671 1297 Jue
692 1210 777 1277 hoo'
768 1232 868 1298 ipsum
893 1213 1040 1300 appellet
1091 1215 1136 1281 Et
1157 1215 1265 1281 Ceeesr
1277 1228 1428 1270 numus

164 1309 197 1375 in
220 1309 362 1376 oratione
382 1308 467 1396 spud
490 1309 671 1376 Sallustium
695 1310 837 1378 reserens
859 1333 930 1399 quae
954 1312 1044 1380 vietis
1065 1313 1166 1380 solent
1187 1315 1265 1381 eooi-
1276 1330 1397 1416 geom

164 1408 250 1486 dere,
267 1409 354 1496 ponit
370 1417 404 1475 et
418 1401 515 1475 *fans
529 1409 665 1497 spoliari.

238 1511 262 1574 4
296 1509 379 1576 Illud
395 1517 501 1574 temen
517 1530 627 1576 rerum
644 1517 701 1586 est,
727 1507 754 1574 si
771 1530 833 1596 quo
849 1509 883 1576 in
898 1507 1062 1577 simulacro
1078 1534 1193 1581 numen
1209 1513 1267 1581 eli·

164 1606 270 1695 quod
261 1629 361 1674 messe
382 1608 538 1685 credetur,
560 1607 593 1674 id
609 1607 719 1676 rioleri
739 1617 794 1676 sut
815 1610 972 1697 eorrumpi
990 1611 1078 1678 nefus
1094 1614 1135 1679 ob
1159 1613 1198 1679 iis
1212 1614 1266 1700 qui

164 1705 197 1772 iu
211 1729 251 1773 es
266 1706 465 1795 persuasione
481 1707 687 1774 eonveniuutt
706 1717 740 1775 et
755 1707 814 1774 hoo
828 1731 921 1775 sensu
936 1708 1112 1796 impietatis,
1128 1721 1185 1779 sut
1200 1713 1266 1778 lesi

165 1806 258 1872 otium
283 1807 423 1896 gentium
441 1806 522 1894 juris
547 1815 731 1873 sooussntur
752 1805 910 1873 interdum
933 1807 988 1894 qui
1008 1809 1085 1875 telin
1107 1810 1267 1876 commise-

165 1915 248 1984 runt,
268 1906 413 1972 nimirum
429 1928 470 1972 ex
487 1906 559 1972 telis
576 1905 726 1994 opinionis
742 1905 904 1992 positione.
942 1906 1038 1973 Aliud
1054 1917 1103 1974 est
1119 1908 1146 1973 si
1160 1910 1266 1975 hostes

163 2025 226 2072 uon
241 2005 324 2072 idem
340 2005 495 2072 sentiam:
521 2005 600 2072 siout
619 2003 741 2072 Judaeis
762 2025 825 2069 non
847 2003 1030 2091 permissum
1051 2015 1184 2085 tentum,
1208 2008 1265 2074 sed

164 2113 197 2171 et
212 2113 402 2192 preceptum
424 2113 473 2172 eet
493 2105 634 2194 gentium
657 2103 823 2170 simuleore
838 2102 984 2170 abolere:
1005 2125 1078 2170 nem
1100 2106 1185 2194 quod
1205 2105 1407 2174 sitimus

163 2204 303 2292 soeipere
323 2213 480 2281 vetentur,
502 2205 536 2270 id
559 2225 628 2270 eam
652 2224 776 2270 eeumm
796 2202 902 2280 hehet,
925 2223 988 2290 quo
1011 2205 1112 2294 magis
1136 2206 1266 2272 Hebraei

163 2303 395 2392 superstitiones
410 2303 549 2394 gentium
565 2304 805 2380 detestarentur,
826 2301 1014 2392 impuritatis
1032 2304 1181 2372 admoniti
1197 2306 1265 2394 ipso

162 2479 190 2528 sd
201 2493 242 2528 ιιι.
252 2483 278 2529 et
288 2479 319 2526 sd
330 2491 367 2526 rx.
374 2477 491 2526 AEmidoe
500 2481 525 2526 et
534 2477 565 2524 ed
575 2490 626 2524 xii.
647 2475 688 2523 Ad
736 2479 832 2537 spectet
851 2480 877 2526 et
892 2477 958 2540 quod
977 2479 1050 2526 modo
1066 2494 1096 2527 ex
1113 2481 1263 2528 Tertulliano

162 2556 269 2618 miogem
286 2570 344 2603 vero
363 2554 503 2617 septimum:
523 2554 587 2601 dona
606 2553 688 2600 ollem
736 2553 869 2612 altulum,
885 2559 910 2602 et
926 2554 1033 2616 ejusdem
1049 2555 1094 2603 hoo
1109 2557 1139 2603 ed
1154 2557 1264 2605 ustiones

162 2633 294 2679 ιιιιιίιιῡιιι
308 2631 400 2679 tmndiu
413 2644 486 2677 ιοονο
504 2636 566 2688 urst,
586 2634 608 2677 et
624 2629 688 2676 dena
736 2636 766 2674 il.
787 2630 833 2676 Tot
845 2628 929 2677 Mede
942 2630 1040 2677 deDiis
1049 2632 1145 2692 queldo
1157 2633 1265 2693 quesitus

157 2708 328 2769 posentdiei,
342 2708 455 2766 quandiu
439 2706 687 2766 nese-jherintpro
735 2702 865 2764 trinepti.-
879 2706 1263 2767 ιωαιιιιιίωιὶοσοοοριίοος

154 2783 256 2843 sueta.
286 2780 471 2843 (Adversill.)
735 2780 964 2841 assequentem,
971 2788 1177 2843 quummmrt.
1189 2784 1262 2845 (Cep.

204 2858 218 2893 ὓ
235 2856 462 2919 &piammon
470 2854 554 2917 solere]
570 2854 687 2915 virginus
735 2854 783 2913 17)

160 2933 278 2983 Reddas
288 2947 312 2981 r.
323 2934 398 2993 (vers.
407 2932 481 2989 ³dO)·
779 2928 787 2963 ¹
806 2927 916 2990 Fulvius]
933 2931 996 2981 Vide
1007 2931 1134 2994 Polybium
1149 2903 1263 2993 exeerpto

184 3008 276 3059 liepuuul
287 3018 344 3047 nero
356 3006 468 3047 limelede
456 3008 536 3055 eposio
546 3006 639 3046 refluum
735 3002 884 3064 legationum
893 3006 932 3052 28.

161 3078 389 3127 meledunense
402 3082 492 3134 ner-ret,
506 3078 600 3139 siguum
611 3077 643 3123 eb
657 3091 686 3125 eo
781 3076 911 3123 *Panae
897 3076 1011 3137 epoliun']
1037 3076 1100 3125 Vide
1121 3079 1263 3126 Crumerum

162 3155 276 3201 necuit·
295 3154 393 3201 Terenti
413 3158 518 3213 ceptum,
541 3152 686 3213 missumque
734 3150 796 3197 libro
806 3163 875 3196 xvir.
891 3150 957 3210 (pag.
968 3152 1022 3210 402)
1042 3152 1072 3198 de
1088 3153 1160 3198 rebus
1175 3155 1264 3200 Antio-

164 3228 190 3274 in
199 3228 354 3289 capitulum:
364 3228 469 3289 reliquos
476 3227 542 3273 Deos
550 3227 686 3273 Tarentinis
734 3225 829 3272 ohensis
838 3225 952 3270 Euoleeise
966 3226 1044 3285 ceptis
1053 3240 1070 3272 ι
1079 3226 1195 3285 choered,
1208 3228 1265 3274 ride

163 3302 271 3361 relicta,
282 3308 310 3351 ιιι
322 3304 404 3351 iratos.
432 3302 503 3363 (Peg.
514 3301 556 3348 187
568 3302 601 3360 ο.)
631 3300 688 3347 Ηοο
734 3299 881 3360 Procopium
891 3299 1045 3347 Persicorum
1055 3314 1086 3347 ιι.
1096 3301 1158 3361 (esp.
1167 3302 1202 3362 9.)

162 3550 306 3608 Servilius.
331 3552 370 3607 So
381 3554 460 3626 Livy,
474 3552 609 3625 speaking
623 3553 656 3608 of
667 3551 716 3609 the
728 3560 890 3610 ornaments
902 3554 935 3610 of
948 3552 996 3609 the
1010 3552 1130 3625 temptes
1140 3551 1264 3626 brought

161 3634 200 3709 by
220 3638 372 3694 Mnroellue
393 3640 468 3693 from
495 3640 631 3712 Syracuse
654 3646 685 3694 to
708 3640 807 3697 Rome.
854 3640 892 3696 So
911 3641 942 3696 0.
959 3640 1114 3695 Flaminius
1136 3640 1166 3695 iu
1183 3641 1264 3712 Livy,

159 3724 217 3779 end
231 3722 347 3779 Fulvius
359 3725 389 3778 in
403 3724 547 3797 Polybius,
561 3725 618 3779 end
629 3725 722 3781 (issar
739 3725 769 3779 iu
784 3726 898 3781 Sallust.

213 3816 232 3864 4
255 3809 328 3865 Itis
354 3810 484 3867 however
502 3816 573 3876 true,
596 3811 659 3866 thet
679 3811 705 3865 it
725 3810 805 3866 there
826 3810 863 3866 he
884 3828 941 3884 suy
963 3811 1055 3883 imege
1076 3811 1107 3865 iu
1131 3810 1223 3867 which
1243 3828 1263 3867 e

160 3892 255 3950 diriue
270 3896 361 3950 virtue
373 3896 397 3950 is
410 3897 551 3968 supposed
565 3902 595 3951 to
610 3897 690 3963 exiet,
709 3896 732 3951 it
751 3898 775 3952 ie
789 3896 896 3951 wicked
910 3896 973 3952 thot
989 3898 1013 3951 it
1028 3896 1130 3952 should
1151 3898 1188 3954 he
1203 3899 1261 3953 rio·

160 3978 238 4036 leted
252 3996 286 4036 or
297 3980 446 4053 destroyed
459 3982 497 4055 by
511 3982 593 4037 thoee
604 3982 667 4037 who
687 3997 771 4053 agree
792 3983 823 4035 iu
843 3981 908 4037 thet
925 3984 1097 4054 pereueeion.
1142 3982 1209 4038 And
1231 3985 1262 4039 in

159 4066 217 4123 thie
230 4082 312 4123 sense
326 4066 394 4139 they
407 4066 470 4122 who
484 4068 600 4123 commit
613 4068 680 4123 such
696 4074 755 4123 sets
770 4083 819 4123 sre
833 4070 952 4123 secused
966 4068 999 4123 of
1007 4068 1134 4141 impiety,
1147 4084 1181 4123 or
1191 4084 1262 4123 eron

159 4152 194 4207 oi
204 4152 342 4223 breaking
355 4152 405 4207 tho
419 4154 499 4208 Leve
514 4153 548 4208 oi
563 4154 700 4219 Netions3
721 4152 784 4209 thet
799 4154 832 4217 is,
845 4169 882 4209 on
894 4154 944 4209 the
957 4156 1131 4225 assumption
1145 4152 1179 4207 of
1192 4152 1262 4206 eueh

159 4252 197 4292 sn
216 4238 342 4310 opinion
380 4239 409 4293 It
429 4239 453 4293 is
474 4239 595 4294 enother
616 4244 721 4294 mutter
741 4239 767 4293 ii
784 4238 835 4294 the
858 4240 982 4295 enemies
1001 4240 1039 4294 do
1052 4245 1104 4294 not
1116 4254 1149 4293 eo
1168 4234 1261 4292 thiuk.

160 4322 240 4379 'ihm
253 4322 304 4379 the
323 4323 398 4379 Jerrs
409 4340 483 4380 uere
497 4330 548 4379 not
562 4325 630 4397 only
648 4324 810 4396 permitted,
825 4324 879 4380 but
892 4323 1078 4380 commended
1097 4329 1129 4378 to
1148 4320 1263 4392 doetroy

160 4407 211 4463 the
230 4407 302 4464 idols
323 4408 357 4464 of
377 4409 427 4465 the
448 4410 584 4466 Gentiles.
628 4410 686 4465 For
706 4409 781 4466 their
800 4411 887 4482 being
901 4409 1054 4465 forbidden
1073 4416 1104 4463 ιο
1123 4404 1189 4461 take
1204 4404 1263 4465 sud

160 4492 234 4566 keep
248 4494 328 4550 them
347 4510 404 4550 eres
421 4496 469 4553 sor
488 4494 544 4551 this
563 4512 678 4563 remou3
694 4494 759 4553 thet
775 4494 827 4551 the
847 4495 983 4551 Hehreus
1002 4492 1095 4564 might
1113 4490 1163 4549 the
1182 4506 1263 4548 more
