<?xml version="1.0" encoding="UTF-8"?>
<!DOCTYPE html PUBLIC "-//W3C//DTD XHTML 1.0 Transitional//EN"
    "http://www.w3.org/TR/xhtml1/DTD/xhtml1-transitional.dtd">
<html xmlns="http://www.w3.org/1999/xhtml" xml:lang="en" lang="en">
 <head>
  <title>
</title>
<meta http-equiv="Content-Type" content="text/html;charset=utf-8" />
  <meta name='ocr-system' content='tesseract 3.04.00' />
  <meta name='ocr-capabilities' content='ocr_page ocr_carea ocr_par ocr_line ocrx_word'/>
</head>
<body>
  <div class='ocr_page' id='page_1' title='image "./hugonisgrotiide09barbgoog_0200.png"; bbox 0 0 3225 5125; ppageno 0'>
   <div class='ocr_carea' id='block_1_1' title="bbox 175 374 1276 450">
    <p class='ocr_par' dir='ltr' id='par_1_1' title="bbox 175 374 1276 450">
     <span class='ocr_line' id='line_1_1' title="bbox 175 374 1276 450; baseline -0.002 -11"><span class='ocrx_word' id='word_1_1' title='bbox 175 378 328 450; x_wconf 82' lang='lat' dir='ltr'><strong>(iar.1X.]</strong></span> <span class='ocrx_word' id='word_1_2' title='bbox 554 381 607 435; x_wconf 80' lang='lat' dir='ltr'><strong><em>DE</em></strong></span> <span class='ocrx_word' id='word_1_3' title='bbox 627 379 893 438; x_wconf 81' lang='lat' dir='ltr'><strong>POSTLIMINIO.</strong></span> <span class='ocrx_word' id='word_1_4' title='bbox 1213 374 1276 437; x_wconf 78' lang='lat'><strong><em>185</em></strong></span> 
     </span>
    </p>
   </div>
   <div class='ocr_carea' id='block_1_2' title="bbox 135 538 1438 2712">
    <p class='ocr_par' dir='ltr' id='par_1_2' title="bbox 135 538 1438 1224">
     <span class='ocr_line' id='line_1_2' title="bbox 174 538 1275 629; baseline 0 -20"><span class='ocrx_word' id='word_1_5' title='bbox 174 542 316 609; x_wconf 84' lang='lat' dir='ltr'><strong><em>serviunt</em></strong></span> <span class='ocrx_word' id='word_1_6' title='bbox 329 562 371 607; x_wconf 82' lang='lat' dir='ltr'><strong><em>cx</em></strong></span> <span class='ocrx_word' id='word_1_7' title='bbox 387 538 501 628; x_wconf 89' lang='lat' dir='ltr'><strong><em>populo</em></strong></span> <span class='ocrx_word' id='word_1_8' title='bbox 517 539 669 621; x_wconf 80' lang='lat' dir='ltr'><strong><em>foderato,</em></strong></span> <span class='ocrx_word' id='word_1_9' title='bbox 687 540 713 607; x_wconf 89' lang='lat' dir='ltr'><strong><em>si</em></strong></span> <span class='ocrx_word' id='word_1_10' title='bbox 730 541 856 607; x_wconf 91' lang='lat' dir='ltr'><strong><em>domum</em></strong></span> <span class='ocrx_word' id='word_1_11' title='bbox 872 540 1074 618; x_wconf 83' lang='lat' dir='ltr'><strong><em>revenissont,</em></strong></span> <span class='ocrx_word' id='word_1_12' title='bbox 1088 541 1275 629; x_wconf 89' lang='lat' dir='ltr'><strong><em>postliminio</em></strong></span> 
     </span>
     <span class='ocr_line' id='line_1_3' title="bbox 174 638 1275 729; baseline -0.001 -20"><span class='ocrx_word' id='word_1_13' title='bbox 174 642 315 709; x_wconf 80' lang='lat' dir='ltr'><strong>redeant</strong></span> <span class='ocrx_word' id='word_1_14' title='bbox 368 639 421 705; x_wconf 89' lang='lat' dir='ltr'><strong>Ita</strong></span> <span class='ocrx_word' id='word_1_15' title='bbox 443 638 526 704; x_wconf 91' lang='lat' dir='ltr'><strong><em>enim</em></strong></span> <span class='ocrx_word' id='word_1_16' title='bbox 546 640 627 705; x_wconf 86' lang='lat' dir='ltr'><strong><em>hanc</em></strong></span> <span class='ocrx_word' id='word_1_17' title='bbox 648 640 851 726; x_wconf 81' lang='lat' dir='ltr'><strong><em>quaestionem</em></strong></span> <span class='ocrx_word' id='word_1_18' title='bbox 872 640 1020 728; x_wconf 80' lang='lat' dir='ltr'>proponit</span> <span class='ocrx_word' id='word_1_19' title='bbox 1042 640 1150 708; x_wconf 79' lang='lat' dir='ltr'><strong><em>Cicero</em></strong></span> <span class='ocrx_word' id='word_1_20' title='bbox 1174 642 1275 729; x_wconf 92' lang='lat' dir='ltr'><strong><em>primo</em></strong></span> 
     </span>
     <span class='ocr_line' id='line_1_4' title="bbox 175 736 1413 856; baseline 0.002 -49"><span class='ocrx_word' id='word_1_21' title='bbox 175 741 216 807; x_wconf 88' lang='lat' dir='ltr'><strong><em>do</em></strong></span> <span class='ocrx_word' id='word_1_22' title='bbox 230 748 367 806; x_wconf 80' lang='lat' dir='ltr'><strong><em>oratore</em></strong></span> <span class='ocrx_word' id='word_1_23' title='bbox 414 738 460 804; x_wconf 85' lang='lat' dir='ltr'><strong>Et</strong></span> <span class='ocrx_word' id='word_1_24' title='bbox 484 736 593 804; x_wconf 81' lang='lat' dir='ltr'><strong><em>Galim</em></strong></span> <span class='ocrx_word' id='word_1_25' title='bbox 615 738 740 825; x_wconf 89' lang='lat' dir='ltr'><strong><em>quidem</em></strong></span> <span class='ocrx_word' id='word_1_26' title='bbox 765 738 914 805; x_wconf 84' lang='lat' dir='ltr'><strong><em>AElius</em></strong></span> <span class='ocrx_word' id='word_1_27' title='bbox 890 739 1019 806; x_wconf 89' lang='lat' dir='ltr'><strong><em>s1cait·</em></strong></span> <span class='ocrx_word' id='word_1_28' title='bbox 1044 763 1120 807; x_wconf 88' lang='lat' dir='ltr'><strong><em>cum</em></strong></span> <span class='ocrx_word' id='word_1_29' title='bbox 1140 744 1413 857; x_wconf 58' lang='lat' dir='ltr'><strong><em>populonienses</em></strong></span> 
     </span>
     <span class='ocr_line' id='line_1_5' title="bbox 177 824 1333 926; baseline 0.002 -20"><span class='ocrx_word' id='word_1_30' title='bbox 177 842 287 907; x_wconf 63' lang='lat' dir='ltr'><strong><em>litem</em></strong></span> <span class='ocrx_word' id='word_1_31' title='bbox 302 851 334 905; x_wconf 83' lang='lat' dir='ltr'><strong>et</strong></span> <span class='ocrx_word' id='word_1_32' title='bbox 354 860 429 903; x_wconf 85' lang='lat' dir='ltr'><strong><em>oum</em></strong></span> <span class='ocrx_word' id='word_1_33' title='bbox 443 839 619 923; x_wconf 65' lang='lat' dir='ltr'><strong><em>sederatis,</em></strong></span> <span class='ocrx_word' id='word_1_34' title='bbox 636 850 757 904; x_wconf 84' lang='lat' dir='ltr'><strong><em>etcum</em></strong></span> <span class='ocrx_word' id='word_1_35' title='bbox 777 840 908 923; x_wconf 72' lang='lat' dir='ltr'><strong><em>rupibus</em></strong></span> <span class='ocrx_word' id='word_1_36' title='bbox 925 840 1166 926; x_wconf 71' lang='lat' dir='ltr'><strong><em>postliminium</em></strong></span> <span class='ocrx_word' id='word_1_37' title='bbox 1183 824 1333 908; x_wconf 58' lang='lat' dir='ltr'><strong><em>eccum</em></strong></span> 
     </span>
     <span class='ocr_line' id='line_1_6' title="bbox 176 936 1438 1025; baseline -0.005 -18"><span class='ocrx_word' id='word_1_38' title='bbox 176 952 223 1007; x_wconf 85' lang='lat' dir='ltr'><strong><em>est</em></strong></span> <span class='ocrx_word' id='word_1_39' title='bbox 237 942 290 1005; x_wconf 87' lang='lat' dir='ltr'><strong><em>ito</em></strong></span> <span class='ocrx_word' id='word_1_40' title='bbox 305 940 358 1003; x_wconf 90' lang='lat' dir='ltr'><strong><em>uti</em></strong></span> <span class='ocrx_word' id='word_1_41' title='bbox 374 958 448 1003; x_wconf 85' lang='lat' dir='ltr'><strong><em>cum</em></strong></span> <span class='ocrx_word' id='word_1_42' title='bbox 462 938 615 1003; x_wconf 75' lang='lat' dir='ltr'><strong><em>hortibus</em></strong></span> <span class='ocrx_word' id='word_1_43' title='bbox 655 936 775 1004; x_wconf 83' lang='lat' dir='ltr'><strong><em>Contra</em></strong></span> <span class='ocrx_word' id='word_1_44' title='bbox 792 937 962 1003; x_wconf 88' lang='lat' dir='ltr'><strong><em>Proculus:</em></strong></span> <span class='ocrx_word' id='word_1_45' title='bbox 981 961 1046 1004; x_wconf 90' lang='lat' dir='ltr'><strong><em>non</em></strong></span> <span class='ocrx_word' id='word_1_46' title='bbox 1062 941 1174 1006; x_wconf 77' lang='lat' dir='ltr'><strong><em>dubito</em></strong></span> <span class='ocrx_word' id='word_1_47' title='bbox 1192 944 1274 1025; x_wconf 82' lang='lat' dir='ltr'><strong><em>quin</em></strong></span> <span class='ocrx_word' id='word_1_48' title='bbox 1287 962 1438 1002; x_wconf 70' lang='lat' dir='ltr'><strong><em>naucum.</em></strong></span> 
     </span>
     <span class='ocr_line' id='line_1_7' title="bbox 166 1008 1420 1150; baseline -0.002 -46"><span class='ocrx_word' id='word_1_49' title='bbox 166 1040 318 1124; x_wconf 76' lang='lat' dir='ltr'><strong><em>federati</em></strong></span> <span class='ocrx_word' id='word_1_50' title='bbox 339 1048 370 1102; x_wconf 88' lang='lat' dir='ltr'><strong><em>ct</em></strong></span> <span class='ocrx_word' id='word_1_51' title='bbox 395 1037 492 1102; x_wconf 74' lang='lat' dir='ltr'><strong><em>liberi</em></strong></span> <span class='ocrx_word' id='word_1_52' title='bbox 513 1037 606 1102; x_wconf 83' lang='lat' dir='ltr'><strong><em>nobie</em></strong></span> <span class='ocrx_word' id='word_1_53' title='bbox 630 1038 755 1102; x_wconf 70' lang='lat' dir='ltr'><strong><em>externi</em></strong></span> <span class='ocrx_word' id='word_1_54' title='bbox 781 1038 870 1103; x_wconf 83' lang='lat' dir='ltr'><strong><em>sint:</em></strong></span> <span class='ocrx_word' id='word_1_55' title='bbox 894 1059 959 1104; x_wconf 87' lang='lat' dir='ltr'><strong><em>non</em></strong></span> <span class='ocrx_word' id='word_1_56' title='bbox 982 1039 1068 1105; x_wconf 86' lang='lat' dir='ltr'><strong><em>inter</em></strong></span> <span class='ocrx_word' id='word_1_57' title='bbox 1093 1062 1151 1106; x_wconf 86' lang='lat' dir='ltr'><strong><em>nos</em></strong></span> <span class='ocrx_word' id='word_1_58' title='bbox 1177 1008 1419 1150; x_wconf 50' lang='lat' dir='ltr'><strong><em>aequoleamest</em></strong></span> <span class='ocrx_word' id='word_1_59' title='bbox 1400 1056 1420 1094; x_wconf 78' lang='lat' dir='ltr'><strong><em>u</em></strong></span> 
     </span>
     <span class='ocr_line' id='line_1_8' title="bbox 135 1137 581 1224; baseline -0.009 -20"><span class='ocrx_word' id='word_1_60' title='bbox 135 1180 139 1187; x_wconf 86' lang='lat'>·</span> <span class='ocrx_word' id='word_1_61' title='bbox 176 1159 231 1204; x_wconf 80' lang='lat' dir='ltr'><strong><em>eos</em></strong></span> <span class='ocrx_word' id='word_1_62' title='bbox 247 1137 489 1224; x_wconf 64' lang='lat' dir='ltr'><strong><em>postliminium</em></strong></span> <span class='ocrx_word' id='word_1_63' title='bbox 508 1156 581 1201; x_wconf 77' lang='lat' dir='ltr'><strong><em>csse</em></strong></span> 
     </span>
    </p>

    <p class='ocr_par' dir='ltr' id='par_1_3' title="bbox 172 1232 1407 2712">
     <span class='ocr_line' id='line_1_9' title="bbox 251 1232 1276 1325; baseline 0.004 -24"><span class='ocrx_word' id='word_1_64' title='bbox 251 1238 273 1301; x_wconf 83' lang='lat'><strong>3</strong></span> <span class='ocrx_word' id='word_1_65' title='bbox 305 1236 378 1323; x_wconf 81' lang='lat' dir='ltr'><strong><em>Ego</em></strong></span> <span class='ocrx_word' id='word_1_66' title='bbox 402 1234 539 1300; x_wconf 75' lang='lat' dir='ltr'><strong><em>arbitror</em></strong></span> <span class='ocrx_word' id='word_1_67' title='bbox 564 1232 816 1324; x_wconf 82' lang='lat' dir='ltr'><strong><em>distinguendum</em></strong></span> <span class='ocrx_word' id='word_1_68' title='bbox 841 1233 925 1302; x_wconf 86' lang='lat' dir='ltr'><strong><em>inter</em></strong></span> <span class='ocrx_word' id='word_1_69' title='bbox 948 1234 1067 1313; x_wconf 81' lang='lat' dir='ltr'><strong><em>ledere,</em></strong></span> <span class='ocrx_word' id='word_1_70' title='bbox 1093 1246 1130 1304; x_wconf 88' lang='lat' dir='ltr'><strong><em>ut</em></strong></span> <span class='ocrx_word' id='word_1_71' title='bbox 1156 1236 1183 1304; x_wconf 89' lang='lat' dir='ltr'><strong><em>si</em></strong></span> <span class='ocrx_word' id='word_1_72' title='bbox 1212 1260 1276 1325; x_wconf 89' lang='lat' dir='ltr'><strong><em>qua</em></strong></span> 
     </span>
     <span class='ocr_line' id='line_1_10' title="bbox 177 1331 1275 1423; baseline 0.003 -22"><span class='ocrx_word' id='word_1_73' title='bbox 177 1342 280 1401; x_wconf 83' lang='lat' dir='ltr'><strong><em>omont</em></strong></span> <span class='ocrx_word' id='word_1_74' title='bbox 304 1354 376 1420; x_wconf 79' lang='lat' dir='ltr'><strong><em>qum</em></strong></span> <span class='ocrx_word' id='word_1_75' title='bbox 403 1332 476 1398; x_wconf 89' lang='lat' dir='ltr'><strong><em>belli</em></strong></span> <span class='ocrx_word' id='word_1_76' title='bbox 501 1331 657 1399; x_wconf 75' lang='lat' dir='ltr'><strong>duntaxat</strong></span> <span class='ocrx_word' id='word_1_77' title='bbox 683 1333 798 1421; x_wconf 78' lang='lat' dir='ltr'><strong><em>publici</em></strong></span> <span class='ocrx_word' id='word_1_78' title='bbox 827 1336 1029 1423; x_wconf 87' lang='lat' dir='ltr'><strong><em>componendi</em></strong></span> <span class='ocrx_word' id='word_1_79' title='bbox 1057 1345 1112 1405; x_wconf 87' lang='lat' dir='ltr'><strong><em>aut</em></strong></span> <span class='ocrx_word' id='word_1_80' title='bbox 1144 1336 1275 1404; x_wconf 81' lang='lat' dir='ltr'><strong><em>cavendi</em></strong></span> 
     </span>
     <span class='ocr_line' id='line_1_11' title="bbox 178 1430 1275 1523; baseline 0.004 -24"><span class='ocrx_word' id='word_1_81' title='bbox 178 1452 270 1499; x_wconf 83' lang='lat' dir='ltr'><strong><em>censa</em></strong></span> <span class='ocrx_word' id='word_1_82' title='bbox 286 1440 390 1499; x_wconf 88' lang='lat' dir='ltr'><strong><em>essent</em></strong></span> <span class='ocrx_word' id='word_1_83' title='bbox 410 1430 498 1508; x_wconf 84' lang='lat' dir='ltr'><strong><em>inita,</em></strong></span> <span class='ocrx_word' id='word_1_84' title='bbox 515 1453 555 1497; x_wconf 90' lang='lat' dir='ltr'><strong><em>ea</em></strong></span> <span class='ocrx_word' id='word_1_85' title='bbox 577 1453 635 1497; x_wconf 89' lang='lat' dir='ltr'><strong><em>nec</em></strong></span> <span class='ocrx_word' id='word_1_86' title='bbox 656 1432 830 1519; x_wconf 65' lang='lat' dir='ltr'><strong><em>captivitati</em></strong></span> <span class='ocrx_word' id='word_1_87' title='bbox 851 1433 884 1498; x_wconf 93' lang='lat' dir='ltr'><strong><em>in</em></strong></span> <span class='ocrx_word' id='word_1_88' title='bbox 908 1443 1077 1521; x_wconf 88' lang='lat' dir='ltr'><strong><em>posterum,</em></strong></span> <span class='ocrx_word' id='word_1_89' title='bbox 1095 1458 1152 1503; x_wconf 87' lang='lat' dir='ltr'><strong><em>nec</em></strong></span> <span class='ocrx_word' id='word_1_90' title='bbox 1169 1436 1275 1523; x_wconf 81' lang='lat' dir='ltr'><strong><em>postli-</em></strong></span> 
     </span>
     <span class='ocr_line' id='line_1_12' title="bbox 177 1529 1335 1623; baseline 0.001 -25"><span class='ocrx_word' id='word_1_91' title='bbox 177 1532 270 1598; x_wconf 89' lang='lat' dir='ltr'><strong><em>minio</em></strong></span> <span class='ocrx_word' id='word_1_92' title='bbox 282 1532 463 1598; x_wconf 74' lang='lat' dir='ltr'><strong>obstarent:</strong></span> <span class='ocrx_word' id='word_1_93' title='bbox 480 1529 553 1597; x_wconf 89' lang='lat' dir='ltr'><strong><em>atsi</em></strong></span> <span class='ocrx_word' id='word_1_94' title='bbox 568 1552 631 1617; x_wconf 88' lang='lat' dir='ltr'><strong><em>qna</em></strong></span> <span class='ocrx_word' id='word_1_95' title='bbox 647 1530 680 1597; x_wconf 95' lang='lat' dir='ltr'><strong><em>id</em></strong></span> <span class='ocrx_word' id='word_1_96' title='bbox 696 1531 890 1599; x_wconf 85' lang='lat' dir='ltr'><strong><em>continerent</em></strong></span> <span class='ocrx_word' id='word_1_97' title='bbox 904 1542 941 1599; x_wconf 91' lang='lat' dir='ltr'><strong><em>ut</em></strong></span> <span class='ocrx_word' id='word_1_98' title='bbox 956 1535 1018 1601; x_wconf 89' lang='lat' dir='ltr'><strong><em>tuti</em></strong></span> <span class='ocrx_word' id='word_1_99' title='bbox 1033 1544 1137 1602; x_wconf 75' lang='lat' dir='ltr'><strong><em>essem</em></strong></span> <span class='ocrx_word' id='word_1_100' title='bbox 1151 1536 1275 1623; x_wconf 91' lang='lat' dir='ltr'><strong><em>publico</em></strong></span> <span class='ocrx_word' id='word_1_101' title='bbox 1331 1592 1335 1599; x_wconf 92' lang='lat'><em>.</em></span> 
     </span>
     <span class='ocr_line' id='line_1_13' title="bbox 177 1628 1275 1723; baseline 0.005 -26"><span class='ocrx_word' id='word_1_102' title='bbox 177 1630 309 1707; x_wconf 90' lang='lat' dir='ltr'><strong><em>nomine,</em></strong></span> <span class='ocrx_word' id='word_1_103' title='bbox 326 1630 381 1717; x_wconf 85' lang='lat' dir='ltr'><strong><em>qui</em></strong></span> <span class='ocrx_word' id='word_1_104' title='bbox 397 1630 439 1696; x_wconf 86' lang='lat' dir='ltr'><strong><em>ab</em></strong></span> <span class='ocrx_word' id='word_1_105' title='bbox 455 1628 504 1695; x_wconf 90' lang='lat' dir='ltr'><strong><em>his</em></strong></span> <span class='ocrx_word' id='word_1_106' title='bbox 522 1630 565 1695; x_wconf 89' lang='lat' dir='ltr'><strong><em>ad</em></strong></span> <span class='ocrx_word' id='word_1_107' title='bbox 586 1629 656 1695; x_wconf 88' lang='lat' dir='ltr'><strong><em>illos</em></strong></span> <span class='ocrx_word' id='word_1_108' title='bbox 677 1631 844 1709; x_wconf 85' lang='lat' dir='ltr'><strong><em>venissent,</em></strong></span> <span class='ocrx_word' id='word_1_109' title='bbox 860 1641 898 1699; x_wconf 90' lang='lat' dir='ltr'><strong><em>ut</em></strong></span> <span class='ocrx_word' id='word_1_110' title='bbox 917 1642 992 1699; x_wconf 89' lang='lat' dir='ltr'><strong><em>tunc</em></strong></span> <span class='ocrx_word' id='word_1_111' title='bbox 1008 1635 1188 1723; x_wconf 82' lang='lat' dir='ltr'><strong><em>captivitate</em></strong></span> <span class='ocrx_word' id='word_1_112' title='bbox 1202 1637 1275 1702; x_wconf 89' lang='lat' dir='ltr'><strong><em>snb·</em></strong></span> 
     </span>
     <span class='ocr_line' id='line_1_14' title="bbox 178 1727 1276 1815; baseline 0.003 -19"><span class='ocrx_word' id='word_1_113' title='bbox 178 1730 243 1796; x_wconf 80' lang='lat' dir='ltr'><strong>iata</strong></span> <span class='ocrx_word' id='word_1_114' title='bbox 257 1737 395 1796; x_wconf 71' lang='lat' dir='ltr'><strong><em>cenaret</em></strong></span> <span class='ocrx_word' id='word_1_115' title='bbox 418 1737 452 1795; x_wconf 87' lang='lat' dir='ltr'><strong>et</strong></span> <span class='ocrx_word' id='word_1_116' title='bbox 468 1727 700 1815; x_wconf 86' lang='lat' dir='ltr'><strong><em>postliminium.</em></strong></span> <span class='ocrx_word' id='word_1_117' title='bbox 747 1731 791 1795; x_wconf 84' lang='lat' dir='ltr'><strong>Et</strong></span> <span class='ocrx_word' id='word_1_118' title='bbox 809 1731 869 1797; x_wconf 91' lang='lat' dir='ltr'><strong><em>hoo</em></strong></span> <span class='ocrx_word' id='word_1_119' title='bbox 891 1730 967 1796; x_wconf 93' lang='lat' dir='ltr'><strong><em>mihi</em></strong></span> <span class='ocrx_word' id='word_1_120' title='bbox 989 1732 1127 1799; x_wconf 89' lang='lat' dir='ltr'><strong><em>indicare</em></strong></span> <span class='ocrx_word' id='word_1_121' title='bbox 1151 1734 1276 1801; x_wconf 81' lang='lat' dir='ltr'><strong><em>ridetur</em></strong></span> 
     </span>
     <span class='ocr_line' id='line_1_15' title="bbox 177 1827 1415 1933; baseline 0.002 -39"><span class='ocrx_word' id='word_1_122' title='bbox 177 1828 373 1916; x_wconf 87' lang='lat' dir='ltr'><strong><em>Pomponius,</em></strong></span> <span class='ocrx_word' id='word_1_123' title='bbox 389 1849 459 1893; x_wconf 90' lang='lat' dir='ltr'><strong><em>cum</em></strong></span> <span class='ocrx_word' id='word_1_124' title='bbox 481 1827 544 1895; x_wconf 87' lang='lat' dir='ltr'><strong>ait.</strong></span> <span class='ocrx_word' id='word_1_125' title='bbox 569 1830 601 1895; x_wconf 81' lang='lat' dir='ltr'><strong><em>si</em></strong></span> <span class='ocrx_word' id='word_1_126' title='bbox 622 1851 695 1894; x_wconf 89' lang='lat' dir='ltr'><strong><em>cum</em></strong></span> <span class='ocrx_word' id='word_1_127' title='bbox 714 1842 807 1914; x_wconf 75' lang='lat' dir='ltr'><strong><em>pente</em></strong></span> <span class='ocrx_word' id='word_1_128' title='bbox 830 1832 950 1917; x_wconf 82' lang='lat' dir='ltr'><strong><em>aliqua</em></strong></span> <span class='ocrx_word' id='word_1_129' title='bbox 965 1854 1065 1919; x_wconf 78' lang='lat' dir='ltr'><strong><em>neque</em></strong></span> <span class='ocrx_word' id='word_1_130' title='bbox 1080 1836 1274 1911; x_wconf 80' lang='lat' dir='ltr'><strong><em>amicitiam,</em></strong></span> <span class='ocrx_word' id='word_1_131' title='bbox 1289 1848 1314 1886; x_wconf 81' lang='lat'><strong><em>1&gt;</em></strong></span> <span class='ocrx_word' id='word_1_132' title='bbox 1325 1848 1339 1887; x_wconf 80' lang='lat'><strong><em>1-</em></strong></span> <span class='ocrx_word' id='word_1_133' title='bbox 1347 1849 1415 1933; x_wconf 68' lang='lat' dir='ltr'><strong><em>„aa</em></strong></span> 
     </span>
     <span class='ocr_line' id='line_1_16' title="bbox 178 1882 1415 2017; baseline 0.008 -27"><span class='ocrx_word' id='word_1_134' title='bbox 178 1942 279 2014; x_wconf 72' lang='lat' dir='ltr'><strong><em>neque</em></strong></span> <span class='ocrx_word' id='word_1_135' title='bbox 294 1929 482 2013; x_wconf 75' lang='lat' dir='ltr'><strong><em>hospitium,</em></strong></span> <span class='ocrx_word' id='word_1_136' title='bbox 498 1948 599 2013; x_wconf 81' lang='lat' dir='ltr'><strong><em>nequo</em></strong></span> <span class='ocrx_word' id='word_1_137' title='bbox 609 1929 714 2012; x_wconf 76' lang='lat' dir='ltr'><strong><em>sedete</em></strong></span> <span class='ocrx_word' id='word_1_138' title='bbox 737 1929 895 1995; x_wconf 69' lang='lat' dir='ltr'><strong><em>amicitie</em></strong></span> <span class='ocrx_word' id='word_1_139' title='bbox 912 1952 1015 1996; x_wconf 79' lang='lat' dir='ltr'><strong><em>couno</em></strong></span> <span class='ocrx_word' id='word_1_140' title='bbox 1030 1934 1165 2017; x_wconf 84' lang='lat' dir='ltr'><strong><em>fuctum</em></strong></span> <span class='ocrx_word' id='word_1_141' title='bbox 1181 1882 1415 1999; x_wconf 45' lang='lat' dir='ltr'><strong><em>hobolffi</em></strong></span> 
     </span>
     <span class='ocr_line' id='line_1_17' title="bbox 178 2028 1277 2113; baseline 0.005 -21"><span class='ocrx_word' id='word_1_142' title='bbox 178 2050 264 2107; x_wconf 86' lang='lat' dir='ltr'><strong><em>mue,</em></strong></span> <span class='ocrx_word' id='word_1_143' title='bbox 280 2029 317 2092; x_wconf 78' lang='lat' dir='ltr'><strong><em>lc·</em></strong></span> <span class='ocrx_word' id='word_1_144' title='bbox 331 2028 437 2093; x_wconf 79' lang='lat' dir='ltr'><strong><em>hostes</em></strong></span> <span class='ocrx_word' id='word_1_145' title='bbox 456 2028 588 2113; x_wconf 82' lang='lat' dir='ltr'><strong><em>quidem</em></strong></span> <span class='ocrx_word' id='word_1_146' title='bbox 606 2048 673 2091; x_wconf 84' lang='lat' dir='ltr'><strong><em>non</em></strong></span> <span class='ocrx_word' id='word_1_147' title='bbox 694 2038 793 2092; x_wconf 79' lang='lat' dir='ltr'><strong><em>eunt:</em></strong></span> <span class='ocrx_word' id='word_1_148' title='bbox 817 2030 902 2110; x_wconf 81' lang='lat' dir='ltr'><strong><em>quod</em></strong></span> <span class='ocrx_word' id='word_1_149' title='bbox 921 2041 1030 2095; x_wconf 84' lang='lat' dir='ltr'><strong><em>autem</em></strong></span> <span class='ocrx_word' id='word_1_150' title='bbox 1050 2052 1089 2096; x_wconf 79' lang='lat' dir='ltr'><strong><em>en</em></strong></span> <span class='ocrx_word' id='word_1_151' title='bbox 1104 2044 1212 2097; x_wconf 86' lang='lat' dir='ltr'><strong><em>nostro</em></strong></span> <span class='ocrx_word' id='word_1_152' title='bbox 1229 2034 1277 2099; x_wconf 85' lang='lat' dir='ltr'><strong><em>od</em></strong></span> 
     </span>
     <span class='ocr_line' id='line_1_18' title="bbox 178 2126 1278 2216; baseline 0.003 -22"><span class='ocrx_word' id='word_1_153' title='bbox 178 2148 231 2194; x_wconf 83' lang='lat' dir='ltr'><strong><em>eos</em></strong></span> <span class='ocrx_word' id='word_1_154' title='bbox 242 2128 399 2212; x_wconf 77' lang='lat' dir='ltr'><strong><em>peremit,</em></strong></span> <span class='ocrx_word' id='word_1_155' title='bbox 415 2126 549 2191; x_wconf 76' lang='lat' dir='ltr'><strong><em>illorum</em></strong></span> <span class='ocrx_word' id='word_1_156' title='bbox 561 2126 617 2210; x_wconf 81' lang='lat' dir='ltr'><strong><em>fit,</em></strong></span> <span class='ocrx_word' id='word_1_157' title='bbox 634 2137 673 2193; x_wconf 77' lang='lat' dir='ltr'><strong><em>,ct</em></strong></span> <span class='ocrx_word' id='word_1_158' title='bbox 695 2126 776 2191; x_wconf 84' lang='lat' dir='ltr'><strong><em>libor</em></strong></span> <span class='ocrx_word' id='word_1_159' title='bbox 800 2127 893 2191; x_wconf 82' lang='grc' dir='ltr'><strong><em>Ιιωηο</em></strong></span> <span class='ocrx_word' id='word_1_160' title='bbox 916 2140 1024 2195; x_wconf 84' lang='lat' dir='ltr'><strong><em>noster</em></strong></span> <span class='ocrx_word' id='word_1_161' title='bbox 1040 2132 1081 2194; x_wconf 82' lang='lat' dir='ltr'><strong><em>uh</em></strong></span> <span class='ocrx_word' id='word_1_162' title='bbox 1099 2132 1146 2196; x_wconf 83' lang='lat' dir='ltr'><strong><em>cie</em></strong></span> <span class='ocrx_word' id='word_1_163' title='bbox 1160 2143 1278 2216; x_wconf 83' lang='lat' dir='ltr'><strong><em>coptus</em></strong></span> 
     </span>
     <span class='ocr_line' id='line_1_19' title="bbox 178 2226 1278 2316; baseline 0.004 -24"><span class='ocrx_word' id='word_1_164' title='bbox 178 2228 387 2310; x_wconf 77' lang='lat' dir='ltr'><strong><em>rermcefitct</em></strong></span> <span class='ocrx_word' id='word_1_165' title='bbox 406 2246 537 2290; x_wconf 74' lang='lat' dir='ltr'><strong><em>mm:</em></strong></span> <span class='ocrx_word' id='word_1_166' title='bbox 561 2226 708 2307; x_wconf 78' lang='lat' dir='ltr'><strong><em>idernquc</em></strong></span> <span class='ocrx_word' id='word_1_167' title='bbox 732 2235 779 2289; x_wconf 83' lang='lat' dir='ltr'><strong><em>est</em></strong></span> <span class='ocrx_word' id='word_1_168' title='bbox 802 2226 835 2290; x_wconf 80' lang='lat' dir='ltr'><strong><em>si</em></strong></span> <span class='ocrx_word' id='word_1_169' title='bbox 855 2227 898 2290; x_wconf 84' lang='lat' dir='ltr'><strong><em>ad</em></strong></span> <span class='ocrx_word' id='word_1_170' title='bbox 918 2227 989 2293; x_wconf 82' lang='lat' dir='ltr'><strong><em>illis</em></strong></span> <span class='ocrx_word' id='word_1_171' title='bbox 1009 2231 1130 2294; x_wconf 84' lang='lat' dir='ltr'><strong><em>ndnos</em></strong></span> <span class='ocrx_word' id='word_1_172' title='bbox 1145 2230 1278 2316; x_wconf 79' lang='lat' dir='ltr'><strong><em>aliquid</em></strong></span> 
     </span>
     <span class='ocr_line' id='line_1_20' title="bbox 172 2324 1276 2412; baseline 0.004 -23"><span class='ocrx_word' id='word_1_173' title='bbox 172 2326 370 2412; x_wconf 74' lang='lat' dir='ltr'><strong><em>percutiat:</em></strong></span> <span class='ocrx_word' id='word_1_174' title='bbox 392 2325 453 2389; x_wconf 76' lang='lat' dir='ltr'><strong><em>ltoc</em></strong></span> <span class='ocrx_word' id='word_1_175' title='bbox 474 2345 597 2409; x_wconf 73' lang='lat' dir='ltr'><strong><em>quoquo</em></strong></span> <span class='ocrx_word' id='word_1_176' title='bbox 620 2324 725 2407; x_wconf 80' lang='lat' dir='ltr'><strong><em>ipitur</em></strong></span> <span class='ocrx_word' id='word_1_177' title='bbox 739 2345 820 2390; x_wconf 79' lang='lat' dir='ltr'><strong><em>cusu</em></strong></span> <span class='ocrx_word' id='word_1_178' title='bbox 830 2325 1073 2409; x_wconf 71' lang='lat' dir='ltr'><strong><em>postliminium</em></strong></span> <span class='ocrx_word' id='word_1_179' title='bbox 1088 2330 1204 2393; x_wconf 88' lang='lat' dir='ltr'><strong><em>dotum</em></strong></span> <span class='ocrx_word' id='word_1_180' title='bbox 1220 2341 1276 2396; x_wconf 84' lang='lat' dir='ltr'><strong>eet.</strong></span> 
     </span>
     <span class='ocr_line' id='line_1_21' title="bbox 180 2419 1278 2516; baseline 0.005 -27"><span class='ocrx_word' id='word_1_181' title='bbox 180 2424 261 2489; x_wconf 83' lang='lat' dir='ltr'><strong><em>Cum</em></strong></span> <span class='ocrx_word' id='word_1_182' title='bbox 288 2422 368 2489; x_wconf 84' lang='lat' dir='ltr'><strong>dixit</strong></span> <span class='ocrx_word' id='word_1_183' title='bbox 394 2422 484 2488; x_wconf 81' lang='lat' dir='ltr'><strong><em>ledus</em></strong></span> <span class='ocrx_word' id='word_1_184' title='bbox 508 2419 651 2488; x_wconf 75' lang='lat' dir='ltr'><strong><em>amicitiae</em></strong></span> <span class='ocrx_word' id='word_1_185' title='bbox 677 2443 779 2498; x_wconf 83' lang='lat' dir='ltr'><strong><em>cansa,</em></strong></span> <span class='ocrx_word' id='word_1_186' title='bbox 802 2422 938 2489; x_wconf 86' lang='lat' dir='ltr'><strong><em>ostendit</em></strong></span> <span class='ocrx_word' id='word_1_187' title='bbox 961 2432 995 2490; x_wconf 90' lang='lat' dir='ltr'><strong>et</strong></span> <span class='ocrx_word' id='word_1_188' title='bbox 1018 2424 1081 2492; x_wconf 83' lang='lat' dir='ltr'><strong><em>alia</em></strong></span> <span class='ocrx_word' id='word_1_189' title='bbox 1100 2448 1168 2493; x_wconf 86' lang='lat' dir='ltr'><strong><em>esse</em></strong></span> <span class='ocrx_word' id='word_1_190' title='bbox 1186 2448 1278 2516; x_wconf 86' lang='lat' dir='ltr'><strong><em>posse</em></strong></span> 
     </span>
     <span class='ocr_line' id='line_1_22' title="bbox 178 2518 1278 2611; baseline 0.005 -23"><span class='ocrx_word' id='word_1_191' title='bbox 178 2522 296 2600; x_wconf 86' lang='lat' dir='ltr'><strong>federa,</strong></span> <span class='ocrx_word' id='word_1_192' title='bbox 319 2520 431 2611; x_wconf 89' lang='lat' dir='ltr'><strong><em>quibus</em></strong></span> <span class='ocrx_word' id='word_1_193' title='bbox 454 2542 513 2587; x_wconf 89' lang='lat' dir='ltr'><strong><em>nec</em></strong></span> <span class='ocrx_word' id='word_1_194' title='bbox 534 2518 660 2608; x_wconf 89' lang='lat' dir='ltr'><strong><em>hospitii</em></strong></span> <span class='ocrx_word' id='word_1_195' title='bbox 684 2541 742 2586; x_wconf 91' lang='lat' dir='ltr'><strong><em>nec</em></strong></span> <span class='ocrx_word' id='word_1_196' title='bbox 762 2520 907 2588; x_wconf 74' lang='lat' dir='ltr'><strong>amicitiae</strong></span> <span class='ocrx_word' id='word_1_197' title='bbox 923 2522 977 2610; x_wconf 84' lang='lat' dir='ltr'><strong><em>jus</em></strong></span> <span class='ocrx_word' id='word_1_198' title='bbox 998 2522 1080 2593; x_wconf 84' lang='lat' dir='ltr'><strong><em>insit.</em></strong></span> <span class='ocrx_word' id='word_1_199' title='bbox 1126 2526 1278 2594; x_wconf 89' lang='lat' dir='ltr'><strong><em>Proculus</em></strong></span> 
     </span>
     <span class='ocr_line' id='line_1_23' title="bbox 179 2617 1279 2712; baseline 0.005 -24"><span class='ocrx_word' id='word_1_200' title='bbox 179 2643 303 2710; x_wconf 88' lang='lat' dir='ltr'><strong><em>quoqne</em></strong></span> <span class='ocrx_word' id='word_1_201' title='bbox 318 2643 372 2689; x_wconf 87' lang='lat' dir='ltr'><strong><em>eos</em></strong></span> <span class='ocrx_word' id='word_1_202' title='bbox 390 2642 411 2689; x_wconf 85' lang='lat' dir='ltr'><strong>a</strong></span> <span class='ocrx_word' id='word_1_203' title='bbox 431 2642 466 2688; x_wconf 90' lang='lat' dir='ltr'><strong><em>se</em></strong></span> <span class='ocrx_word' id='word_1_204' title='bbox 485 2619 615 2708; x_wconf 90' lang='lat' dir='ltr'><strong><em>populos</em></strong></span> <span class='ocrx_word' id='word_1_205' title='bbox 633 2617 793 2686; x_wconf 82' lang='lat' dir='ltr'><strong><em>lederatos</em></strong></span> <span class='ocrx_word' id='word_1_206' title='bbox 809 2620 951 2712; x_wconf 78' lang='lat' dir='ltr'><strong><em>intelligi,</em></strong></span> <span class='ocrx_word' id='word_1_207' title='bbox 969 2623 1024 2711; x_wconf 92' lang='lat' dir='ltr'><strong><em>qui</em></strong></span> <span class='ocrx_word' id='word_1_208' title='bbox 1038 2623 1206 2693; x_wconf 78' lang='lat' dir='ltr'><strong><em>amicitiam</em></strong></span> <span class='ocrx_word' id='word_1_209' title='bbox 1222 2633 1279 2694; x_wconf 90' lang='lat' dir='ltr'><strong><em>aut</em></strong></span> 
     </span>
    </p>
   </div>
   <div class='ocr_carea' id='block_1_3' title="bbox 89 2892 1283 4594">
    <p class='ocr_par' dir='ltr' id='par_1_4' title="bbox 179 2892 1281 3481">
     <span class='ocr_line' id='line_1_24' title="bbox 231 2892 1280 2974; baseline 0.01 -27"><span class='ocrx_word' id='word_1_210' title='bbox 231 2899 250 2948; x_wconf 74' lang='lat'>2</span> <span class='ocrx_word' id='word_1_211' title='bbox 279 2892 309 2948; x_wconf 86' lang='lat' dir='ltr'><strong>It</strong></span> <span class='ocrx_word' id='word_1_212' title='bbox 331 2907 450 2965; x_wconf 86' lang='lat' dir='ltr'><strong><em>appears</em></strong></span> <span class='ocrx_word' id='word_1_213' title='bbox 472 2894 608 2970; x_wconf 75' lang='lat' dir='ltr'><strong><em>formerly</em></strong></span> <span class='ocrx_word' id='word_1_214' title='bbox 628 2904 659 2953; x_wconf 87' lang='lat' dir='ltr'><strong>tn</strong></span> <span class='ocrx_word' id='word_1_215' title='bbox 680 2895 753 2953; x_wconf 83' lang='lat' dir='ltr'><strong><em>have</em></strong></span> <span class='ocrx_word' id='word_1_216' title='bbox 778 2897 852 2954; x_wconf 89' lang='lat' dir='ltr'><strong><em>been</em></strong></span> <span class='ocrx_word' id='word_1_217' title='bbox 874 2913 893 2954; x_wconf 89' lang='lat' dir='ltr'><strong>a</strong></span> <span class='ocrx_word' id='word_1_218' title='bbox 913 2904 1018 2954; x_wconf 76' lang='lat' dir='ltr'><strong>matter</strong></span> <span class='ocrx_word' id='word_1_219' title='bbox 1042 2898 1076 2954; x_wconf 80' lang='lat' dir='ltr'><strong><em>ol</em></strong></span> <span class='ocrx_word' id='word_1_220' title='bbox 1099 2905 1280 2974; x_wconf 82' lang='lat' dir='ltr'><strong><em>controversy</em></strong></span> 
     </span>
     <span class='ocr_line' id='line_1_25' title="bbox 181 2977 1281 3055; baseline 0.01 -24"><span class='ocrx_word' id='word_1_221' title='bbox 181 2977 306 3034; x_wconf 68' lang='lat' dir='ltr'><strong><em>whether</em></strong></span> <span class='ocrx_word' id='word_1_222' title='bbox 318 2977 400 3034; x_wconf 85' lang='lat' dir='ltr'><strong><em>those</em></strong></span> <span class='ocrx_word' id='word_1_223' title='bbox 413 2981 553 3038; x_wconf 87' lang='lat' dir='ltr'><strong><em>members</em></strong></span> <span class='ocrx_word' id='word_1_224' title='bbox 565 2981 599 3038; x_wconf 77' lang='lat' dir='ltr'><strong><em>oi</em></strong></span> <span class='ocrx_word' id='word_1_225' title='bbox 610 3000 628 3037; x_wconf 87' lang='lat' dir='ltr'><strong>a</strong></span> <span class='ocrx_word' id='word_1_226' title='bbox 641 2984 752 3055; x_wconf 86' lang='lat' dir='ltr'><strong><em>people‚</em></strong></span> <span class='ocrx_word' id='word_1_227' title='bbox 765 2983 851 3039; x_wconf 81' lang='lat' dir='ltr'><strong><em>allied</em></strong></span> <span class='ocrx_word' id='word_1_228' title='bbox 866 2990 896 3039; x_wconf 88' lang='lat' dir='ltr'><strong><em>to</em></strong></span> <span class='ocrx_word' id='word_1_229' title='bbox 908 2983 1019 3050; x_wconf 85' lang='lat' dir='ltr'><strong><em>ns,who</em></strong></span> <span class='ocrx_word' id='word_1_230' title='bbox 1031 3000 1079 3039; x_wconf 88' lang='lat' dir='ltr'><strong><em>are</em></strong></span> <span class='ocrx_word' id='word_1_231' title='bbox 1088 2986 1177 3042; x_wconf 83' lang='lat' dir='ltr'><strong><em>alares</em></strong></span> <span class='ocrx_word' id='word_1_232' title='bbox 1188 2988 1217 3041; x_wconf 91' lang='lat' dir='ltr'><strong><em>in</em></strong></span> <span class='ocrx_word' id='word_1_233' title='bbox 1227 3003 1281 3042; x_wconf 88' lang='lat' dir='ltr'><strong><em>cnr</em></strong></span> 
     </span>
     <span class='ocr_line' id='line_1_26' title="bbox 181 3064 1280 3141; baseline 0.006 -21"><span class='ocrx_word' id='word_1_234' title='bbox 181 3071 308 3137; x_wconf 78' lang='lat' dir='ltr'><strong><em>country,</em></strong></span> <span class='ocrx_word' id='word_1_235' title='bbox 325 3064 372 3130; x_wconf 90' lang='lat' dir='ltr'><strong><em>do,</em></strong></span> <span class='ocrx_word' id='word_1_236' title='bbox 392 3065 419 3119; x_wconf 81' lang='lat' dir='ltr'><strong><em>it</em></strong></span> <span class='ocrx_word' id='word_1_237' title='bbox 436 3065 504 3140; x_wconf 81' lang='lat' dir='ltr'><strong>they</strong></span> <span class='ocrx_word' id='word_1_238' title='bbox 527 3074 626 3123; x_wconf 84' lang='lat' dir='ltr'><strong><em>return</em></strong></span> <span class='ocrx_word' id='word_1_239' title='bbox 641 3067 734 3135; x_wconf 90' lang='lat' dir='ltr'><strong><em>home,</em></strong></span> <span class='ocrx_word' id='word_1_240' title='bbox 750 3075 850 3124; x_wconf 88' lang='lat' dir='ltr'><strong><em>return</em></strong></span> <span class='ocrx_word' id='word_1_241' title='bbox 869 3069 907 3141; x_wconf 79' lang='lat' dir='ltr'><strong><em>by</em></strong></span> <span class='ocrx_word' id='word_1_242' title='bbox 924 3069 1136 3140; x_wconf 80' lang='lat' dir='ltr'><strong><em>postliminium.</em></strong></span> <span class='ocrx_word' id='word_1_243' title='bbox 1172 3072 1230 3126; x_wconf 81' lang='lat' dir='ltr'><strong><em>For</em></strong></span> <span class='ocrx_word' id='word_1_244' title='bbox 1248 3087 1280 3128; x_wconf 89' lang='lat' dir='ltr'><strong><em>so</em></strong></span> 
     </span>
     <span class='ocr_line' id='line_1_27' title="bbox 180 3151 1280 3226; baseline 0.007 -22"><span class='ocrx_word' id='word_1_245' title='bbox 180 3151 280 3205; x_wconf 80' lang='lat' dir='ltr'><strong><em>cicero</em></strong></span> <span class='ocrx_word' id='word_1_246' title='bbox 294 3164 428 3222; x_wconf 85' lang='lat' dir='ltr'><strong><em>proposes</em></strong></span> <span class='ocrx_word' id='word_1_247' title='bbox 441 3151 499 3208; x_wconf 84' lang='lat' dir='ltr'><strong><em>this</em></strong></span> <span class='ocrx_word' id='word_1_248' title='bbox 518 3155 666 3224; x_wconf 79' lang='lat' dir='ltr'><strong><em>question3</em></strong></span> <span class='ocrx_word' id='word_1_249' title='bbox 683 3154 740 3209; x_wconf 86' lang='lat' dir='ltr'><strong><em>and</em></strong></span> <span class='ocrx_word' id='word_1_250' title='bbox 755 3154 854 3210; x_wconf 79' lang='lat' dir='ltr'><strong><em>Gallus</em></strong></span> <span class='ocrx_word' id='word_1_251' title='bbox 865 3154 956 3209; x_wconf 81' lang='lat' dir='ltr'><strong><em>AElius</em></strong></span> <span class='ocrx_word' id='word_1_252' title='bbox 971 3170 1042 3226; x_wconf 81' lang='lat' dir='ltr'><strong><em>says,</em></strong></span> <span class='ocrx_word' id='word_1_253' title='bbox 1057 3154 1121 3210; x_wconf 85' lang='lat' dir='ltr'><strong>that</strong></span> <span class='ocrx_word' id='word_1_254' title='bbox 1133 3156 1201 3210; x_wconf 78' lang='lat' dir='ltr'><strong><em>with</em></strong></span> <span class='ocrx_word' id='word_1_255' title='bbox 1218 3157 1280 3212; x_wconf 86' lang='lat' dir='ltr'><strong>free</strong></span> 
     </span>
     <span class='ocr_line' id='line_1_28' title="bbox 179 3234 1280 3310; baseline 0.005 -20"><span class='ocrx_word' id='word_1_256' title='bbox 179 3235 238 3290; x_wconf 76' lang='lat' dir='ltr'><strong><em>and</em></strong></span> <span class='ocrx_word' id='word_1_257' title='bbox 246 3234 313 3290; x_wconf 72' lang='lat' dir='ltr'><strong><em>with</em></strong></span> <span class='ocrx_word' id='word_1_258' title='bbox 326 3236 413 3292; x_wconf 80' lang='lat' dir='ltr'><strong><em>allied</em></strong></span> <span class='ocrx_word' id='word_1_259' title='bbox 426 3237 539 3310; x_wconf 85' lang='lat' dir='ltr'><strong><em>people,</em></strong></span> <span class='ocrx_word' id='word_1_260' title='bbox 551 3239 609 3294; x_wconf 89' lang='lat' dir='ltr'><strong><em>and</em></strong></span> <span class='ocrx_word' id='word_1_261' title='bbox 620 3239 689 3294; x_wconf 73' lang='lat' dir='ltr'><strong><em>with</em></strong></span> <span class='ocrx_word' id='word_1_262' title='bbox 701 3239 793 3310; x_wconf 81' lang='lat' dir='ltr'><strong><em>kinge,</em></strong></span> <span class='ocrx_word' id='word_1_263' title='bbox 804 3255 846 3294; x_wconf 73' lang='lat' dir='ltr'><strong><em>we</em></strong></span> <span class='ocrx_word' id='word_1_264' title='bbox 860 3237 932 3294; x_wconf 80' lang='lat' dir='ltr'><strong><em>heve</em></strong></span> <span class='ocrx_word' id='word_1_265' title='bbox 942 3239 1153 3310; x_wconf 73' lang='lat' dir='ltr'><strong><em>postliminium,</em></strong></span> <span class='ocrx_word' id='word_1_266' title='bbox 1167 3256 1198 3294; x_wconf 85' lang='lat' dir='ltr'><strong><em>as</em></strong></span> <span class='ocrx_word' id='word_1_267' title='bbox 1211 3240 1280 3296; x_wconf 71' lang='lat' dir='ltr'><strong><em>with</em></strong></span> 
     </span>
     <span class='ocr_line' id='line_1_29' title="bbox 181 3322 1280 3398; baseline 0.005 -23"><span class='ocrx_word' id='word_1_268' title='bbox 181 3322 313 3377; x_wconf 77' lang='lat' dir='ltr'><strong><em>enemim.</em></strong></span> <span class='ocrx_word' id='word_1_269' title='bbox 350 3322 396 3377; x_wconf 87' lang='lat' dir='ltr'><strong><em>On</em></strong></span> <span class='ocrx_word' id='word_1_270' title='bbox 409 3323 460 3378; x_wconf 89' lang='lat' dir='ltr'><strong><em>the</em></strong></span> <span class='ocrx_word' id='word_1_271' title='bbox 471 3323 553 3379; x_wconf 88' lang='lat' dir='ltr'><strong><em>other</em></strong></span> <span class='ocrx_word' id='word_1_272' title='bbox 566 3323 651 3390; x_wconf 89' lang='lat' dir='ltr'><strong><em>hsnd,</em></strong></span> <span class='ocrx_word' id='word_1_273' title='bbox 665 3325 804 3380; x_wconf 88' lang='lat' dir='ltr'><strong><em>Proculus</em></strong></span> <span class='ocrx_word' id='word_1_274' title='bbox 815 3341 886 3397; x_wconf 77' lang='lat' dir='ltr'><strong><em>says,</em></strong></span> <span class='ocrx_word' id='word_1_275' title='bbox 904 3323 967 3380; x_wconf 85' lang='lat' dir='ltr'><strong>that</strong></span> <span class='ocrx_word' id='word_1_276' title='bbox 973 3325 1099 3396; x_wconf 65' lang='lat' dir='ltr'><strong><em>seducte</em></strong></span> <span class='ocrx_word' id='word_1_277' title='bbox 1113 3326 1218 3398; x_wconf 74' lang='lat' dir='ltr'><strong><em>propias</em></strong></span> <span class='ocrx_word' id='word_1_278' title='bbox 1232 3343 1280 3380; x_wconf 82' lang='lat' dir='ltr'><strong><em>am</em></strong></span> 
     </span>
     <span class='ocr_line' id='line_1_30' title="bbox 181 3407 968 3481; baseline 0.004 -19"><span class='ocrx_word' id='word_1_279' title='bbox 181 3407 968 3481; x_wconf 59' lang='lat' dir='ltr'><strong><em>manumurlmenmtpcsatmtntamwtmmm.</em></strong></span> 
     </span>
    </p>

    <p class='ocr_par' dir='ltr' id='par_1_5' title="bbox 180 3493 1282 3998">
     <span class='ocr_line' id='line_1_31' title="bbox 233 3493 1281 3554; baseline 0.006 -7"><span class='ocrx_word' id='word_1_280' title='bbox 233 3498 251 3547; x_wconf 79' lang='lat'>3</span> <span class='ocrx_word' id='word_1_281' title='bbox 272 3493 288 3546; x_wconf 94' lang='lat'>1</span> <span class='ocrx_word' id='word_1_282' title='bbox 305 3509 438 3549; x_wconf 79' lang='lat' dir='ltr'><strong><em>conceive</em></strong></span> <span class='ocrx_word' id='word_1_283' title='bbox 459 3494 523 3550; x_wconf 88' lang='lat' dir='ltr'><strong>that</strong></span> <span class='ocrx_word' id='word_1_284' title='bbox 541 3511 561 3549; x_wconf 80' lang='lat' dir='ltr'><strong>a</strong></span> <span class='ocrx_word' id='word_1_285' title='bbox 577 3496 739 3552; x_wconf 88' lang='lat' dir='ltr'><strong><em>distinction</em></strong></span> <span class='ocrx_word' id='word_1_286' title='bbox 757 3502 833 3551; x_wconf 88' lang='lat' dir='ltr'><strong><em>must</em></strong></span> <span class='ocrx_word' id='word_1_287' title='bbox 850 3497 886 3552; x_wconf 93' lang='lat' dir='ltr'><strong><em>be</em></strong></span> <span class='ocrx_word' id='word_1_288' title='bbox 906 3496 993 3553; x_wconf 80' lang='lat' dir='ltr'><strong>taken</strong></span> <span class='ocrx_word' id='word_1_289' title='bbox 1007 3495 1135 3552; x_wconf 75' lang='lat' dir='ltr'><strong>between</strong></span> <span class='ocrx_word' id='word_1_290' title='bbox 1149 3495 1281 3554; x_wconf 79' lang='lat' dir='ltr'><strong><em>differant</em></strong></span> 
     </span>
     <span class='ocr_line' id='line_1_32' title="bbox 181 3577 1279 3656; baseline 0.006 -25"><span class='ocrx_word' id='word_1_291' title='bbox 181 3577 295 3647; x_wconf 75' lang='lat' dir='ltr'><strong><em>leugues</em></strong></span> <span class='ocrx_word' id='word_1_292' title='bbox 310 3579 344 3633; x_wconf 83' lang='lat' dir='ltr'><strong><em>of</em></strong></span> <span class='ocrx_word' id='word_1_293' title='bbox 358 3578 554 3635; x_wconf 82' lang='lat' dir='ltr'><strong><em>alliance.1i</em></strong></span> <span class='ocrx_word' id='word_1_294' title='bbox 569 3581 650 3637; x_wconf 85' lang='lat' dir='ltr'><strong><em>these</em></strong></span> <span class='ocrx_word' id='word_1_295' title='bbox 663 3597 736 3637; x_wconf 78' lang='lat' dir='ltr'><strong>vere</strong></span> <span class='ocrx_word' id='word_1_296' title='bbox 748 3581 863 3637; x_wconf 78' lang='lat' dir='ltr'><strong>entered</strong></span> <span class='ocrx_word' id='word_1_297' title='bbox 879 3583 939 3637; x_wconf 90' lang='lat' dir='ltr'><strong><em>into</em></strong></span> <span class='ocrx_word' id='word_1_298' title='bbox 953 3581 1060 3654; x_wconf 78' lang='lat' dir='ltr'><strong><em>merely</em></strong></span> <span class='ocrx_word' id='word_1_299' title='bbox 1079 3582 1125 3638; x_wconf 87' lang='lat' dir='ltr'><strong><em>tor</em></strong></span> <span class='ocrx_word' id='word_1_300' title='bbox 1143 3582 1194 3639; x_wconf 89' lang='lat' dir='ltr'><strong><em>the</em></strong></span> <span class='ocrx_word' id='word_1_301' title='bbox 1211 3601 1279 3656; x_wconf 86' lang='lat' dir='ltr'><strong><em>pur·</em></strong></span> 
     </span>
     <span class='ocr_line' id='line_1_33' title="bbox 180 3655 1281 3740; baseline 0.008 -23"><span class='ocrx_word' id='word_1_302' title='bbox 180 3677 250 3733; x_wconf 85' lang='lat' dir='ltr'><strong><em>pose</em></strong></span> <span class='ocrx_word' id='word_1_303' title='bbox 268 3663 302 3718; x_wconf 79' lang='lat' dir='ltr'><strong><em>ol</em></strong></span> <span class='ocrx_word' id='word_1_304' title='bbox 317 3664 433 3736; x_wconf 79' lang='lat' dir='ltr'><strong><em>settiing</em></strong></span> <span class='ocrx_word' id='word_1_305' title='bbox 450 3680 483 3720; x_wconf 86' lang='lat' dir='ltr'><strong><em>cr</em></strong></span> <span class='ocrx_word' id='word_1_306' title='bbox 493 3655 664 3738; x_wconf 75' lang='lat' dir='ltr'><strong><em>preventing</em></strong></span> <span class='ocrx_word' id='word_1_307' title='bbox 675 3683 694 3722; x_wconf 88' lang='lat' dir='ltr'><strong>a</strong></span> <span class='ocrx_word' id='word_1_308' title='bbox 705 3667 802 3739; x_wconf 86' lang='lat' dir='ltr'><strong><em>public</em></strong></span> <span class='ocrx_word' id='word_1_309' title='bbox 817 3667 977 3732; x_wconf 68' lang='lat' dir='ltr'><strong><em>venthone</em></strong></span> <span class='ocrx_word' id='word_1_310' title='bbox 990 3668 1083 3723; x_wconf 72' lang='lat' dir='ltr'><strong><em>would</em></strong></span> <span class='ocrx_word' id='word_1_311' title='bbox 1096 3675 1148 3724; x_wconf 85' lang='lat' dir='ltr'><strong><em>not</em></strong></span> <span class='ocrx_word' id='word_1_312' title='bbox 1162 3675 1281 3740; x_wconf 81' lang='lat' dir='ltr'><strong><em>prevent</em></strong></span> 
     </span>
     <span class='ocr_line' id='line_1_34' title="bbox 182 3747 1280 3828; baseline 0.009 -27"><span class='ocrx_word' id='word_1_313' title='bbox 182 3747 273 3803; x_wconf 90' lang='lat' dir='ltr'><strong><em>either</em></strong></span> <span class='ocrx_word' id='word_1_314' title='bbox 286 3749 421 3821; x_wconf 73' lang='lat' dir='ltr'><strong><em>captivitp</em></strong></span> <span class='ocrx_word' id='word_1_315' title='bbox 432 3766 466 3806; x_wconf 88' lang='lat' dir='ltr'><strong><em>or</em></strong></span> <span class='ocrx_word' id='word_1_316' title='bbox 476 3751 696 3822; x_wconf 86' lang='lat' dir='ltr'><strong><em>postliminium.</em></strong></span> <span class='ocrx_word' id='word_1_317' title='bbox 717 3752 769 3808; x_wconf 88' lang='lat' dir='ltr'><strong><em>hut</em></strong></span> <span class='ocrx_word' id='word_1_318' title='bbox 787 3752 814 3806; x_wconf 80' lang='lat' dir='ltr'><strong><em>if</em></strong></span> <span class='ocrx_word' id='word_1_319' title='bbox 830 3751 880 3809; x_wconf 89' lang='lat' dir='ltr'><strong><em>the</em></strong></span> <span class='ocrx_word' id='word_1_320' title='bbox 897 3753 1010 3826; x_wconf 78' lang='lat' dir='ltr'><strong><em>lengum</em></strong></span> <span class='ocrx_word' id='word_1_321' title='bbox 1022 3755 1172 3810; x_wconf 82' lang='lat' dir='ltr'><strong><em>contained</em></strong></span> <span class='ocrx_word' id='word_1_322' title='bbox 1184 3771 1202 3810; x_wconf 85' lang='lat' dir='ltr'><strong>e</strong></span> <span class='ocrx_word' id='word_1_323' title='bbox 1215 3772 1280 3828; x_wconf 91' lang='lat' dir='ltr'><strong><em>pro-</em></strong></span> 
     </span>
     <span class='ocr_line' id='line_1_35' title="bbox 182 3833 1281 3910; baseline 0.009 -23"><span class='ocrx_word' id='word_1_324' title='bbox 182 3833 271 3888; x_wconf 74' lang='lat' dir='ltr'><strong><em>usion</em></strong></span> <span class='ocrx_word' id='word_1_325' title='bbox 285 3833 349 3890; x_wconf 83' lang='lat' dir='ltr'><strong>that</strong></span> <span class='ocrx_word' id='word_1_326' title='bbox 365 3835 447 3890; x_wconf 87' lang='lat' dir='ltr'><strong><em>those</em></strong></span> <span class='ocrx_word' id='word_1_327' title='bbox 460 3835 523 3891; x_wconf 73' lang='lat' dir='ltr'><strong><em>who</em></strong></span> <span class='ocrx_word' id='word_1_328' title='bbox 541 3853 621 3892; x_wconf 83' lang='lat' dir='ltr'><strong><em>cerne</em></strong></span> <span class='ocrx_word' id='word_1_329' title='bbox 637 3837 712 3893; x_wconf 87' lang='lat' dir='ltr'><strong><em>from</em></strong></span> <span class='ocrx_word' id='word_1_330' title='bbox 726 3853 782 3893; x_wconf 92' lang='lat' dir='ltr'><strong><em>one</em></strong></span> <span class='ocrx_word' id='word_1_331' title='bbox 799 3844 883 3910; x_wconf 77' lang='lat' dir='ltr'><strong>party</strong></span> <span class='ocrx_word' id='word_1_332' title='bbox 902 3843 934 3893; x_wconf 92' lang='lat' dir='ltr'><strong><em>to</em></strong></span> <span class='ocrx_word' id='word_1_333' title='bbox 954 3838 1004 3894; x_wconf 90' lang='lat' dir='ltr'><strong><em>the</em></strong></span> <span class='ocrx_word' id='word_1_334' title='bbox 1023 3837 1105 3894; x_wconf 91' lang='lat' dir='ltr'><strong><em>other</em></strong></span> <span class='ocrx_word' id='word_1_335' title='bbox 1125 3840 1225 3896; x_wconf 83' lang='lat' dir='ltr'><strong><em>should</em></strong></span> <span class='ocrx_word' id='word_1_336' title='bbox 1243 3841 1281 3897; x_wconf 90' lang='lat' dir='ltr'><strong><em>he</em></strong></span> 
     </span>
     <span class='ocr_line' id='line_1_36' title="bbox 183 3918 1282 3998; baseline 0.004 -26"><span class='ocrx_word' id='word_1_337' title='bbox 183 3918 243 3973; x_wconf 80' lang='lat' dir='ltr'><strong><em>eale</em></strong></span> <span class='ocrx_word' id='word_1_338' title='bbox 258 3935 297 3975; x_wconf 91' lang='lat' dir='ltr'><strong><em>on</em></strong></span> <span class='ocrx_word' id='word_1_339' title='bbox 319 3919 369 3976; x_wconf 88' lang='lat' dir='ltr'><strong><em>the</em></strong></span> <span class='ocrx_word' id='word_1_340' title='bbox 386 3920 481 3992; x_wconf 87' lang='lat' dir='ltr'><strong><em>public</em></strong></span> <span class='ocrx_word' id='word_1_341' title='bbox 495 3923 627 3994; x_wconf 82' lang='lat' dir='ltr'><strong><em>security,</em></strong></span> <span class='ocrx_word' id='word_1_342' title='bbox 644 3923 722 3988; x_wconf 75' lang='lat' dir='ltr'><strong><em>then</em></strong></span> <span class='ocrx_word' id='word_1_343' title='bbox 737 3924 872 3994; x_wconf 85' lang='lat' dir='ltr'><strong><em>captivity</em></strong></span> <span class='ocrx_word' id='word_1_344' title='bbox 885 3922 972 3994; x_wconf 84' lang='lat' dir='ltr'><strong><em>being</em></strong></span> <span class='ocrx_word' id='word_1_345' title='bbox 989 3925 1130 3990; x_wconf 85' lang='lat' dir='ltr'><strong><em>removed,</em></strong></span> <span class='ocrx_word' id='word_1_346' title='bbox 1144 3927 1282 3998; x_wconf 77' lang='lat' dir='ltr'><strong><em>postlimi-</em></strong></span> 
     </span>
    </p>

    <p class='ocr_par' dir='ltr' id='par_1_6' title="bbox 89 4004 1283 4594">
     <span class='ocr_line' id='line_1_37' title="bbox 89 4004 1281 4084; baseline 0.008 -26"><span class='ocrx_word' id='word_1_347' title='bbox 89 4049 94 4058; x_wconf 84' lang='lat'><strong>.</strong></span> <span class='ocrx_word' id='word_1_348' title='bbox 181 4004 261 4058; x_wconf 88' lang='lat' dir='ltr'><strong><em>nium</em></strong></span> <span class='ocrx_word' id='word_1_349' title='bbox 274 4005 367 4063; x_wconf 74' lang='lat' dir='ltr'><strong><em>would</em></strong></span> <span class='ocrx_word' id='word_1_350' title='bbox 381 4022 462 4062; x_wconf 76' lang='lat' dir='ltr'><strong><em>cesse</em></strong></span> <span class='ocrx_word' id='word_1_351' title='bbox 475 4007 543 4062; x_wconf 81' lang='lat' dir='ltr'><strong><em>aleo.</em></strong></span> <span class='ocrx_word' id='word_1_352' title='bbox 582 4009 621 4062; x_wconf 78' lang='lat' dir='ltr'><strong><em>So</em></strong></span> <span class='ocrx_word' id='word_1_353' title='bbox 634 4009 825 4080; x_wconf 83' lang='lat' dir='ltr'><strong><em>Pomponius:</em></strong></span> <span class='ocrx_word' id='word_1_354' title='bbox 848 4009 886 4079; x_wconf 87' lang='lat' dir='ltr'><strong><em>Is</em></strong></span> <span class='ocrx_word' id='word_1_355' title='bbox 894 4027 932 4065; x_wconf 84' lang='lat' dir='ltr'><strong><em>wc</em></strong></span> <span class='ocrx_word' id='word_1_356' title='bbox 944 4011 1017 4073; x_wconf 78' lang='lat' dir='ltr'><strong><em>tuuc,</em></strong></span> <span class='ocrx_word' id='word_1_357' title='bbox 1031 4011 1096 4066; x_wconf 78' lang='lat' dir='ltr'><strong><em>with</em></strong></span> <span class='ocrx_word' id='word_1_358' title='bbox 1107 4029 1163 4084; x_wconf 73' lang='lat' dir='ltr'><strong><em>any</em></strong></span> <span class='ocrx_word' id='word_1_359' title='bbox 1177 4015 1281 4077; x_wconf 64' lang='lat' dir='ltr'><strong><em>natum,</em></strong></span> 
     </span>
     <span class='ocr_line' id='line_1_38' title="bbox 183 4089 1283 4168; baseline 0.007 -23"><span class='ocrx_word' id='word_1_360' title='bbox 183 4089 281 4146; x_wconf 78' lang='lat' dir='ltr'><strong><em>neither</em></strong></span> <span class='ocrx_word' id='word_1_361' title='bbox 292 4093 461 4164; x_wconf 73' lang='lat' dir='ltr'><strong><em>frimdstip,</em></strong></span> <span class='ocrx_word' id='word_1_362' title='bbox 471 4093 633 4166; x_wconf 67' lang='lat' dir='ltr'><strong><em>mapsamp,</em></strong></span> <span class='ocrx_word' id='word_1_363' title='bbox 644 4111 697 4149; x_wconf 87' lang='lat' dir='ltr'><strong><em>nor</em></strong></span> <span class='ocrx_word' id='word_1_364' title='bbox 711 4095 802 4165; x_wconf 71' lang='lat' dir='ltr'><strong><em>leuprm</em></strong></span> <span class='ocrx_word' id='word_1_365' title='bbox 813 4097 848 4168; x_wconf 74' lang='lat' dir='ltr'><strong><em>qs</em></strong></span> <span class='ocrx_word' id='word_1_366' title='bbox 855 4095 1021 4166; x_wconf 75' lang='lat' dir='ltr'><strong><em>scimdslsip,</em></strong></span> <span class='ocrx_word' id='word_1_367' title='bbox 1034 4098 1099 4152; x_wconf 77' lang='lat' dir='ltr'><strong><em>thess</em></strong></span> <span class='ocrx_word' id='word_1_368' title='bbox 1109 4114 1158 4152; x_wconf 87' lang='lat' dir='ltr'><strong><em>cre</em></strong></span> <span class='ocrx_word' id='word_1_369' title='bbox 1168 4107 1215 4152; x_wconf 86' lang='lat' dir='ltr'><strong><em>not</em></strong></span> <span class='ocrx_word' id='word_1_370' title='bbox 1225 4115 1283 4152; x_wconf 82' lang='lat' dir='ltr'><strong><em>enc-</em></strong></span> 
     </span>
     <span class='ocr_line' id='line_1_39' title="bbox 183 4175 1283 4255; baseline 0.006 -26"><span class='ocrx_word' id='word_1_371' title='bbox 183 4175 265 4237; x_wconf 78' lang='lat' dir='ltr'><strong><em>mise,-</em></strong></span> <span class='ocrx_word' id='word_1_372' title='bbox 283 4177 1111 4252; x_wconf 65' lang='lat' dir='ltr'><strong><em>maisonptlsiupcp&#39;oumpocctotlcmitleooumtloeirer</em></strong></span> <span class='ocrx_word' id='word_1_373' title='bbox 1129 4183 1283 4255; x_wconf 68' lang='lat' dir='ltr'><strong><em>undasne</em></strong></span> 
     </span>
     <span class='ocr_line' id='line_1_40' title="bbox 181 4263 1279 4338; baseline 0.007 -23"><span class='ocrx_word' id='word_1_374' title='bbox 181 4263 469 4333; x_wconf 72' lang='lat' dir='ltr'><strong><em>muccosum-amodo</em></strong></span> <span class='ocrx_word' id='word_1_375' title='bbox 482 4265 786 4336; x_wconf 68' lang='lat' dir='ltr'><strong><em>cuptimtheruistlseir</em></strong></span> <span class='ocrx_word' id='word_1_376' title='bbox 798 4265 889 4328; x_wconf 64' lang='lat' dir='ltr'><strong><em>riuum·</em></strong></span> <span class='ocrx_word' id='word_1_377' title='bbox 908 4268 966 4320; x_wconf 85' lang='lat' dir='ltr'><strong><em>und</em></strong></span> <span class='ocrx_word' id='word_1_378' title='bbox 981 4268 1098 4338; x_wconf 83' lang='lat' dir='ltr'><strong><em>sofrom</em></strong></span> <span class='ocrx_word' id='word_1_379' title='bbox 1113 4268 1181 4321; x_wconf 77' lang='lat' dir='ltr'><strong><em>them</em></strong></span> <span class='ocrx_word' id='word_1_380' title='bbox 1195 4276 1221 4321; x_wconf 88' lang='lat' dir='ltr'><strong><em>to</em></strong></span> <span class='ocrx_word' id='word_1_381' title='bbox 1238 4281 1279 4323; x_wconf 83' lang='lat' dir='ltr'><strong><em>us.</em></strong></span> 
     </span>
     <span class='ocr_line' id='line_1_41' title="bbox 182 4345 1282 4424; baseline 0 -20"><span class='ocrx_word' id='word_1_382' title='bbox 182 4345 278 4404; x_wconf 74' lang='lat' dir='ltr'><strong><em>Iuliis</em></strong></span> <span class='ocrx_word' id='word_1_383' title='bbox 287 4349 633 4422; x_wconf 66' lang='lat' dir='ltr'><strong><em>mmmmpostliminium</em></strong></span> <span class='ocrx_word' id='word_1_384' title='bbox 641 4350 727 4406; x_wconf 73' lang='lat' dir='ltr'><strong><em>erlem</em></strong></span> <span class='ocrx_word' id='word_1_385' title='bbox 749 4351 1054 4424; x_wconf 65' lang='lat' dir='ltr'><strong><em>nyccying‘nrecgue</em></strong></span> <span class='ocrx_word' id='word_1_386' title='bbox 1065 4351 1282 4422; x_wconf 76' lang='lat' dir='ltr'><strong><em>oltricndship,&#39;&#39;</em></strong></span> 
     </span>
     <span class='ocr_line' id='line_1_42' title="bbox 180 4430 1283 4510; baseline 0.005 -24"><span class='ocrx_word' id='word_1_387' title='bbox 180 4430 220 4486; x_wconf 92' lang='lat' dir='ltr'><strong><em>he</em></strong></span> <span class='ocrx_word' id='word_1_388' title='bbox 233 4433 322 4489; x_wconf 70' lang='lat' dir='ltr'><strong><em>shows</em></strong></span> <span class='ocrx_word' id='word_1_389' title='bbox 335 4433 399 4489; x_wconf 85' lang='lat' dir='ltr'><strong>that</strong></span> <span class='ocrx_word' id='word_1_390' title='bbox 413 4435 495 4491; x_wconf 87' lang='lat' dir='ltr'><strong><em>there</em></strong></span> <span class='ocrx_word' id='word_1_391' title='bbox 506 4453 571 4509; x_wconf 83' lang='lat' dir='ltr'><strong><em>may</em></strong></span> <span class='ocrx_word' id='word_1_392' title='bbox 582 4436 619 4492; x_wconf 90' lang='lat' dir='ltr'><strong><em>be</em></strong></span> <span class='ocrx_word' id='word_1_393' title='bbox 630 4435 714 4492; x_wconf 90' lang='lat' dir='ltr'><strong><em>other</em></strong></span> <span class='ocrx_word' id='word_1_394' title='bbox 721 4437 844 4510; x_wconf 72' lang='lat' dir='ltr'><strong><em>leugues,</em></strong></span> <span class='ocrx_word' id='word_1_395' title='bbox 853 4437 943 4493; x_wconf 83' lang='lat' dir='ltr'><strong><em>which</em></strong></span> <span class='ocrx_word' id='word_1_396' title='bbox 954 4437 991 4493; x_wconf 93' lang='lat' dir='ltr'><strong><em>do</em></strong></span> <span class='ocrx_word' id='word_1_397' title='bbox 1006 4442 1057 4492; x_wconf 90' lang='lat' dir='ltr'><strong><em>not</em></strong></span> <span class='ocrx_word' id='word_1_398' title='bbox 1067 4438 1130 4508; x_wconf 81' lang='lat' dir='ltr'><strong><em>gire</em></strong></span> <span class='ocrx_word' id='word_1_399' title='bbox 1142 4437 1192 4492; x_wconf 89' lang='lat' dir='ltr'><strong><em>the</em></strong></span> <span class='ocrx_word' id='word_1_400' title='bbox 1206 4436 1283 4508; x_wconf 76' lang='lat' dir='ltr'><strong><em>right</em></strong></span> 
     </span>
     <span class='ocr_line' id='line_1_43' title="bbox 180 4517 1282 4594; baseline 0.005 -18"><span class='ocrx_word' id='word_1_401' title='bbox 180 4517 217 4576; x_wconf 77' lang='lat' dir='ltr'><strong><em>of</em></strong></span> <span class='ocrx_word' id='word_1_402' title='bbox 227 4517 391 4594; x_wconf 76' lang='lat' dir='ltr'><strong><em>hospitality</em></strong></span> <span class='ocrx_word' id='word_1_403' title='bbox 406 4536 440 4578; x_wconf 88' lang='lat' dir='ltr'><strong><em>or</em></strong></span> <span class='ocrx_word' id='word_1_404' title='bbox 450 4521 615 4594; x_wconf 80' lang='lat' dir='ltr'><strong><em>friendship.</em></strong></span> <span class='ocrx_word' id='word_1_405' title='bbox 660 4523 700 4578; x_wconf 75' lang='lat' dir='ltr'><strong><em>So</em></strong></span> <span class='ocrx_word' id='word_1_406' title='bbox 714 4523 852 4579; x_wconf 85' lang='lat' dir='ltr'><strong><em>Proculus</em></strong></span> <span class='ocrx_word' id='word_1_407' title='bbox 866 4522 1033 4594; x_wconf 80' lang='lat' dir='ltr'><strong><em>sufficiently</em></strong></span> <span class='ocrx_word' id='word_1_408' title='bbox 1044 4522 1154 4593; x_wconf 79' lang='lat' dir='ltr'><strong><em>implico</em></strong></span> <span class='ocrx_word' id='word_1_409' title='bbox 1168 4521 1232 4579; x_wconf 81' lang='lat' dir='ltr'><strong>thet</strong></span> <span class='ocrx_word' id='word_1_410' title='bbox 1245 4522 1282 4582; x_wconf 87' lang='lat' dir='ltr'><strong><em>he</em></strong></span> 
     </span>
    </p>
   </div>
   <div class='ocr_carea' id='block_1_4' title="bbox 0 0 1629 5125">
    <p class='ocr_par' dir='ltr' id='par_1_7' title="bbox 0 0 1629 5125">
     <span class='ocr_line' id='line_1_44' title="bbox 0 0 1629 5125; baseline 0 0"><span class='ocrx_word' id='word_1_411' title='bbox 0 0 1629 5125; x_wconf 95' lang='lat' dir='ltr'><strong><em> </em></strong></span> 
     </span>
    </p>
   </div>
  </div>
 </body>
</html>
