3225 5125
336 341 402 405 246
457 350 810 407 TEMPERAMENTUM
832 348 946 405 GIROA
967 348 1244 405 VASTATIONEM
1294 343 1367 419 [Lm.
1380 348 1434 405 111.

336 536 431 591 senus,
459 536 614 599 nsapnam
644 515 688 579 ab
716 515 858 580 hostibus
882 516 966 599 ipsis
991 514 1238 580 benevolentiam
1265 515 1435 601 captabat.

335 610 402 680 tDe
430 612 557 692 Quintio
579 620 612 678 et
637 612 690 698 qui
715 634 784 677 cum
810 634 847 677 co
869 621 960 680 eraut
985 612 1133 678 Romanis
1155 612 1342 679 Plutarchus
1366 634 1437 679 cum

216 759 221 768 ·
270 737 291 767 1>-
334 736 406 803 quse
435 734 530 799 supro
557 711 691 776 diximus
717 719 994 789 commemorasset,
1019 711 1127 778 addit:
1152 712 1249 795 bojas
1274 714 1438 779 modestia

335 838 402 881 non
418 814 520 878 multo
528 824 605 897 post
611 813 771 895 fructum
787 814 929 898 cepisse‚·
945 834 1024 877 nam
1038 825 1075 877 at
1091 813 1128 877 in
1147 813 1355 878 Thessaliam
1362 834 1438 898 per-

335 923 460 981 uentum
477 925 534 989 eet,
551 913 734 995 defecerant
750 913 797 975 ad
813 933 884 977 enm
900 914 999 977 nrbes
1033 914 1119 977 Τιιιιι
1134 932 1209 977 vero
1225 923 1256 977 et
1272 912 1329 994 qui
1344 912 1438 977 intra

341 1012 577 1097 Thermopylae
598 1011 792 1074 babitabant
820 1012 931 1077 Groeci
950 1011 1121 1086 Quintium
1142 1012 1332 1076 arcentibus
1352 1012 1439 1077 uotis

335 1113 588 1178 desiderabant:
623 1110 737 1174 Acboei
765 1131 849 1190 vero,
877 1112 1067 1176 renuntiata
1096 1110 1248 1195 Pttttppt
1273 1110 1436 1188 amicitia,

335 1214 516 1279 societatem
540 1211 697 1275 adrasus
715 1230 787 1275 enm
809 1232 882 1275 cum
903 1212 1063 1277 Romania
1080 1210 1236 1275 inierant.
1290 1206 1341 1274 De
1361 1208 1438 1274 Liu-

335 1332 451 1399 gonum
467 1308 593 1375 ciuitate
605 1329 675 1393 quoe
693 1306 783 1384 bello,
801 1308 885 1394 quod
897 1308 992 1373 ductu
1006 1306 1152 1385 Cerealis,
1170 1306 1314 1396 auspiciis
1329 1313 1437 1374 autem

334 1408 515 1484 Domitiani,
537 1407 570 1473 iu
588 1406 719 1473 Civilem
736 1408 891 1474 Batavum
913 1407 1041 1494 ejusque
1062 1406 1159 1473 socios
1179 1408 1359 1496 gerebatur,
1381 1429 1437 1493 po·

213 1566 230 1605 4
335 1508 524 1597 pulutionem
546 1506 745 1573 formidatam
766 1516 919 1585 eraserat,
945 1506 988 1572 sic
1013 1513 1123 1574 narret
1143 1505 1321 1583 Frontinus,
1347 1508 1438 1590 qaod

335 1621 449 1675 eontra
461 1608 728 1695 exspectationem
744 1608 908 1672 inviolata
923 1606 1014 1673 nibil
1023 1629 1062 1672 en
1074 1608 1171 1673 rebar
1187 1607 1256 1672 saie
1270 1608 1435 1683 amicant,

335 1711 382 1773 ad
406 1709 590 1795 obsequium
610 1708 748 1773 reducta
771 1708 981 1793 septnapinta
1006 1708 1114 1772 millia
1136 1716 1341 1773 armatorum
1366 1717 1437 1771 tra-

334 1810 423 1875 didit
448 1810 487 1873 ei.

401 1910 423 1971 3
455 1903 597 1972 Consiliis
612 1902 776 1971 contrariis
791 1904 939 1972 mntrurfi
955 1926 1078 1993 quoque
1092 1912 1242 1972 eventus:
1260 1900 1436 1991 exemplum

171 2012 320 2053 mum
334 2004 390 2073 dut
406 2005 513 2072 Liuius
528 2005 562 2071 in
577 2004 750 2071 Annibaler
775 2008 926 2089 Praeepe
946 2008 984 2072 in
1004 2007 1187 2071 avaritiam
1204 2016 1234 2071 et
1256 2004 1436 2071 crudelita·

336 2119 397 2172 tem
420 2107 560 2181 animae,
587 2106 634 2168 ad
653 2106 832 2190 spolianda
854 2126 925 2192 qua
951 2106 1037 2170 tueri
1058 2107 1218 2191 nequibat,
1240 2116 1277 2169 ut
1300 2114 1436 2170 castata

334 2207 420 2272 baeti
440 2208 706 2288 relinquerentur,
728 2204 911 2270 inclinauit.
958 2206 1002 2269 It
1014 2205 1145 2289 fadum
1167 2204 1341 2270 consilium
1362 2224 1436 2267 cum

333 2307 459 2388 incepto
480 2317 548 2368 tum
568 2304 668 2368 etiam
690 2304 779 2367 etita
793 2306 893 2388 suit:
918 2324 1018 2389 neque
1037 2305 1120 2371 enim
1144 2302 1288 2388 indipna
1306 2305 1436 2387 patien-

334 2405 420 2467 tium
450 2404 544 2466 modo
572 2401 849 2466 abalienabantur
878 2404 993 2478 animi,
1020 2403 1076 2468 sed
1105 2413 1281 2468 ceterorum
1309 2401 1433 2466 etiams

333 2502 450 2588 quippe
466 2501 514 2566 ad
522 2500 637 2586 plnres
652 2501 830 2585 enemptnrn
846 2523 943 2586 qaam
960 2501 1137 2568 calamitae
1148 2502 1358 2586 pertinebat.v

169 2609 295 2696 ⁸32³*
401 2606 424 2664 4
456 2598 659 2665 Verissimum
675 2605 780 2692 nutem
802 2599 911 2677 sentio,
930 2601 1013 2690 quod
1033 2622 1055 2665 n
1074 2598 1228 2688 theologis
1251 2595 1436 2687 quibusdam

169 2657 195 2694 dc
250 2667 276 2695 ιιι

168 2703 222 2791 pop.
229 2702 258 2787 ³¹3
264 2686 312 2793 133⁵?-
332 2705 473 2765 notatum
490 2705 547 2775 cst,
565 2706 599 2763 et
614 2717 803 2763 summarum
820 2706 1009 2784 potestatum
1034 2708 1067 2765 et
1082 2698 1194 2764 ducum
1212 2698 1266 2784 qui
1283 2697 1436 2764 cunsta-

332 2819 389 2864 uos
410 2819 445 2863 se
462 2805 495 2864 ct
509 2819 531 2862 ο
552 2797 622 2862 Βοο
638 2805 672 2861 et
685 2797 726 2861 cb
746 2796 921 2864 homiuibus
941 2797 1053 2863 haberi
1070 2797 1179 2864 volunt
1202 2795 1332 2863 officium
1355 2817 1433 2874 esse,

332 2895 475 2964 violentis
490 2895 614 2963 urbium
631 2893 857 2981 direptionibus
873 2904 907 2963 et
923 2896 949 2962 si
966 2895 1041 2982 quid
1057 2895 1107 2961 his
1123 2894 1222 2962 simile
1238 2905 1287 2963 est
1302 2895 1435 2962 interce·

333 2997 417 3076 dem,
434 3003 471 3062 ut
486 3017 556 3082 quae
569 2994 658 3061 abire
673 3015 736 3059 nou
753 2994 872 3082 possint
886 2995 952 3061 sine
964 2993 1148 3084 gravissimo
1163 2995 1330 3061 multorum
1346 2994 1435 3059 inno-

377 3167 438 3216 tDe
456 3165 565 3228 Quintia]
590 3166 686 3227 Nempe
705 3165 736 3213 Τ.
756 3165 858 3222 Quintio
908 3166 1007 3228 ἔνορκον
1026 3164 1055 3222 ἦν
1078 3171 1136 3213 ruis
1157 3166 1281 3227 ἄρχαίοις,
1304 3164 1436 3224 linientes

331 3243 459 3291 Flaminio.
908 3240 987 3288 πόλιν
1000 3238 1052 3287 mir
1068 3239 1276 3300 Ἀμφικτυονίδων
1287 3238 1435 3287 ἀνάστατον

376 3317 388 3347 ⁴
412 3319 490 3365 Testis
515 3321 554 3365 snt
572 3317 733 3365 AEscflms:
759 3316 802 3363 Ἔν
821 3317 859 3364 cis
908 3313 1031 3374 ποιήσειν,
1056 3311 1100 3362 dte.
1140 3315 1211 3362 Orat.
1231 3316 1262 3361 de
1280 3314 1343 3362 mula
1367 3314 1435 3364 obite

333 3561 428 3617 others
442 3576 521 3615 csme
536 3575 603 3614 orer
616 3564 646 3613 to
665 3560 753 3615 them.
791 3559 854 3616 The
869 3561 926 3632 city
944 3561 978 3616 of
991 3560 1042 3616 the
1061 3560 1212 3631 Lingones,
1226 3560 1311 3616 wint
1324 3557 1435 3631 escaped

332 3648 373 3700 tlte
387 3646 572 3715 apprehendat
584 3661 684 3715 raucae
697 3647 728 3699 in
738 3645 779 3699 tte
792 3663 854 3699 war
869 3648 977 3717 apcinst
994 3647 1093 3712 cirita,
1107 3663 1165 3701 war
1179 3647 1293 3702 οοᾶιιοοιί
1305 3655 1332 3700 to
1346 3647 1434 3701 obedi·

331 3747 398 3794 enee,
410 3731 468 3782 and
477 3729 600 3801 meppiied
611 3739 713 3801 wamy
727 3731 862 3786 tbauesand
871 3734 967 3788 annoti
979 3749 1057 3793 menr
1079 3748 1110 3787 ns
1124 3732 1277 3788 Frontinus
1291 3732 1403 3787 relatos.

385 3819 402 3869 3
425 3813 486 3869 The
500 3815 629 3886 opposite
644 3832 726 3871 cause
741 3817 820 3872 lesds
834 3824 865 3873 to
883 3835 921 3872 nn
935 3819 1063 3890 opposite
1077 3817 1173 3872 result.
1219 3817 1290 3888 Livy
1304 3818 1380 3887 gives
1394 3833 1432 3872 uu

293 3949 298 3956 .
331 3899 460 3970 exemplo
473 3901 504 3953 in
520 3899 651 3964 Annibal,
667 3902 748 3956 when
766 3902 804 3957 he
822 3905 987 3959 committed
1005 3919 1107 3974 rsrsge
1125 3903 1155 3957 in
1172 3901 1217 3958 his
1238 3908 1354 3968 retreat,
1375 3903 1433 3957 und

330 3984 473 4126 ἳίἰοιὲῗιιοᾱ
486 3985 536 4039 the
549 3986 651 4053 minds,
669 3987 740 4043 both
762 3989 794 4043 oi
815 3989 897 4046 those
918 3989 981 4044 who
1000 3988 1132 4055 suffered,
1147 3989 1205 4044 und
1222 3989 1256 4043 ot
1272 3986 1356 4043 those
1369 3988 1432 4044 who

345 4088 393 4126 eor

307 4161 311 4168 ’
382 4163 400 4211 4
421 4157 450 4211 It
464 4158 487 4212 is
501 4157 560 4212 eleo
574 4163 649 4213 most
662 4163 736 4224 true,
753 4175 784 4214 cs
800 4175 879 4216 some
896 4159 1072 4232 theologiam
1087 4161 1158 4216 hare
1178 4159 1274 4226 noted,
1291 4159 1356 4215 thet
1369 4160 1393 4214 it
1407 4159 1431 4214 is

329 4243 380 4299 tho
394 4244 465 4316 duty
476 4243 510 4298 of
519 4243 609 4298 rulers
624 4243 681 4298 sud
691 4243 810 4308 leodem,
820 4246 882 4301 who
893 4246 962 4301 wish
976 4253 1007 4302 to
1021 4248 1057 4302 be
1072 4246 1213 4302 rcckoned
1226 4246 1380 4301 Christiane
1392 4245 1431 4316 by

331 4330 396 4385 God
410 4330 466 4384 anu
479 4330 518 4401 by
531 4345 606 4394 mou,
619 4335 650 4383 to
665 4329 775 4384 ubstuin
792 4331 867 4385 from
886 4333 1024 4404 sturming
1041 4333 1075 4388 of
1094 4333 1183 4397 citios,
1202 4331 1259 4386 sud
1275 4329 1358 4386 other
1372 4330 1430 4386 like

328 4416 435 4471 violent
448 4415 646 4488 proceedings3
662 4415 753 4470 which
767 4423 872 4473 cannot
886 4419 952 4473 take
966 4419 1055 4490 ploce,
1070 4418 1189 4473 without
1202 4423 1284 4489 grem
1298 4417 1431 4487 celemity

328 4505 361 4556 to
375 4518 460 4574 many
471 4504 604 4560 innocent
614 4517 739 4575 persons,
756 4502 814 4557 eud
825 4503 904 4560 ollen
922 4503 959 4560 do
973 4505 1047 4560 little
1062 4510 1092 4560 to
1106 4509 1237 4576 promoto
1251 4501 1301 4559 tho
1315 4501 1385 4558 cuds
1399 4499 1434 4556 ef
