3225 5125
337 264 403 329 242
467 269 822 328 TEMPERAMENTUM
844 271 958 329 clitus
978 270 1256 328 VASTATIONEM
1299 270 1373 342 [Lm.
1383 274 1439 329 111.

337 434 505 526 religionis.
548 435 616 502 Imo
639 444 673 503 et
693 434 869 502 hominibus
890 436 930 502 ob
955 435 1072 524 temple
1091 434 1179 523 perci
1199 434 1331 513 solitum,
1353 438 1439 525 quod

337 538 391 621 (ne
412 537 613 624 profanarum
635 535 782 623 gentium,
805 556 876 621 quse
896 534 995 601 multu
1016 544 1089 601 sunt
1110 536 1263 621 exempla,
1285 536 1436 613 ediersm,

173 656 323 701 omnen.
338 636 453 723 quippe
476 658 546 702 oum
573 657 691 701 morem
711 635 795 699 hunc
816 630 905 702 κοινὰ
922 639 988 701 τῶν
1001 630 1172 717 Ἐλλήνων
1194 629 1310 714 νόμιμα
1334 635 1438 722 Scrip-

172 750 322 846 ffiqscir-
337 743 421 802 tores
437 738 560 820 vocent)
577 734 638 800 min
654 733 766 801 Gothis
782 734 892 799 Romee
909 733 1086 820 captoribus
1102 734 1146 799 sic
1162 733 1271 801 leudst
1288 734 1437 823 Augusti·

266 826 272 839 ’
335 856 412 901 nus:
429 838 611 901 ntestantur
628 836 686 900 leoc
702 845 887 918 martyrum
904 834 976 898 loco
992 846 1022 899 et
1038 835 1184 899 basilicis
1200 834 1436 920 Apostolorum,

336 957 411 1022 qnoe
427 936 464 999 in
480 935 544 1000 illo
560 934 742 1001 vostatione
754 934 856 998 victos
870 934 918 997 od
933 954 966 998 se
979 934 1195 1018 confugientes
1210 954 1284 998 otios
1300 934 1438 999 otiosos·

335 1056 394 1121 qne
418 1045 624 1120 receperunt.-
649 1035 811 1117 hucusque
836 1043 989 1097 cruentus
1013 1033 1164 1097 comebat
1188 1033 1364 1097 inimicos:
1388 1034 1439 1098 iti

335 1134 519 1218 accipiebat
542 1134 677 1198 limitem
700 1132 932 1197 trucidationis
947 1131 1074 1215 furor:
1107 1132 1165 1196 illc
1190 1132 1389 1197 docebantur
1413 1154 1438 1197 o

336 1234 566 1297 miserantibus
590 1232 742 1309 hostibus,
766 1230 886 1316 quibus
916 1228 1150 1315 (⁰mnlin1,qni,
1177 1250 1250 1294 nom
1275 1228 1439 1319 distinguit

335 1329 474 1396 mitiores
488 1351 508 1394 n
524 1328 714 1413 durioribus)
729 1330 829 1395 etium
852 1336 947 1394 entra
966 1330 1043 1415 ioco
1069 1330 1142 1394 loco
1153 1342 1375 1415 pepercerant,
1398 1351 1439 1396 ne

335 1430 373 1494 in
389 1451 440 1496 eos
456 1431 667 1504 incurrerent,
683 1430 744 1514 qni
759 1428 896 1493 similem
912 1430 1173 1494 mirericordiam
1186 1450 1249 1492 non
1266 1428 1438 1495 haberent:

336 1530 395 1613 qui
410 1541 517 1594 tomen
529 1529 629 1594 etiam
641 1529 708 1613 ipsi
719 1527 804 1591 oliti
817 1537 921 1593 onnes
936 1539 1033 1613 atque
1045 1528 1158 1593 hostili
1171 1548 1258 1595 more
1274 1529 1438 1595 invenes

336 1630 570 1713 ¹’posteaquam
590 1628 637 1691 od
654 1628 724 1692 loco
738 1627 802 1690 illo
822 1627 1000 1703 veniebant,
1023 1627 1082 1692 ubi
1092 1628 1210 1711 fuerat
1226 1629 1438 1693 interdictum

337 1728 423 1814 quod
442 1728 527 1792 olibi
542 1727 621 1810 jure
644 1726 721 1790 belli
745 1726 899 1801 licuisset,
925 1737 993 1791 toto
1015 1727 1170 1792 eceviczdi
1190 1727 1438 1810 refrenabatur

336 1828 538 1902 immanitas,
557 1838 587 1892 et
604 1826 799 1911 captivandi
815 1825 986 1911 cupiditas
992 1826 1227 1910 frangebatur.

398 1925 483 1993 .Vll.
521 1927 541 1991 1
575 1923 667 2001 Quod
685 1921 833 1988 deescris
849 1922 923 2000 dixi,
940 1921 1024 1989 idem
1040 1923 1081 1989 de
1095 1922 1247 2011 religiosis
1262 1922 1438 2012 intelligen-

335 2022 409 2089 dum
432 2032 490 2101 est,
515 2022 610 2089 etiem
635 2023 675 2088 de
699 2021 746 2098 iis,
773 2042 845 2107 qum
869 2020 902 2087 in
926 2022 1075 2088 honorem
1101 2032 1292 2092 mortuorum
1316 2030 1438 2088 structe

335 2130 427 2189 eunt:
450 2144 523 2187 nnm
540 2130 574 2188 et
589 2121 666 2197 haec,
685 2140 863 2207 quenquam
874 2119 928 2207 jus
944 2120 1083 2210 gentium
1099 2119 1315 2209 impunitatem
1331 2120 1388 2186 irie
1403 2121 1437 2187 in

334 2220 396 2286 iste
419 2220 600 2286 exercendae
626 2218 777 2306 indulget,
807 2218 916 2285 violari
942 2242 1006 2286 non
1034 2228 1163 2307 possunt
1192 2219 1252 2287 nisi
1280 2227 1438 2288 contemta

173 2373 239 2422 W
266 2357 271 2366 ·
335 2317 536 2385 humanitate.
588 2317 748 2382 sommam
763 2337 832 2381 esse
854 2317 1007 2384 rationem
1020 2319 1109 2385 siunt
1126 2318 1347 2407 jurisconsulti,
1365 2340 1438 2407 ques

381 2500 400 2528 π
414 2492 445 2539 In
454 2491 549 2539 docnt
557 2492 641 2539 Rom
649 2487 798 2550 mptoritue]
813 2490 863 2536 Sub
911 2492 970 2539 niuis
982 2492 1103 2541 Gotthids
1112 2492 1174 2541 AErs
1184 2504 1334 2541 coccxnrn.

336 2568 435 2619 Alarico
451 2568 560 2615 Arisnor
580 2568 647 2626 cnjus
667 2569 693 2613 et
709 2566 756 2612 hoc
771 2566 862 2612 isctnm
955 2575 968 2601 ⁰
982 2567 1079 2626 Mulier,
1096 2567 1149 2629 qui]
1176 2568 1282 2615 Omnino
1301 2569 1335 2614 sic
1354 2567 1440 2628 legen·

336 2642 491 2690 memorabile
504 2643 569 2702 spnd
582 2641 750 2689 cassiodorum
761 2651 812 2686 111.
825 2641 862 2687 20.
912 2641 970 2689 dnm
988 2643 1094 2689 ostendit
1113 2641 1222 2701 Orosius,
1242 2642 1342 2688 undem
1361 2641 1441 2688 histo.

336 2715 531 2765 Radius-istus
542 2715 647 2776 apostoli
656 2714 725 2760 Petri
740 2726 800 2759 rosc
812 2714 864 2760 suis
912 2715 972 2762 rism
992 2715 1098 2763 reterens
1116 2716 1229 2763 le.r11.
1249 2729 1270 2762 c.
1282 2717 1319 2763 28.
1359 2715 1441 2777 [Nihil

337 2790 696 2852 defermdtmcsrnexeepisset,
712 2786 864 2844 sesomires·
912 2793 1008 2837 mutent
1033 2795 1114 2837 temen
1139 2789 1254 2851 postremi
1279 2789 1399 2848 Editores,
1424 2804 1441 2838 e

338 2880 434 2913 mucre
450 2867 534 2912 istite
549 2865 733 2925 tntmoqcticne
748 2863 864 2923 mouerit,
911 2861 1003 2907 fsmilis
1026 2861 1200 2908 Mcnschcrnm
1219 2861 1441 2909 Benedtcttnornm.

337 2942 416 2987 sanie
432 2940 551 2987 liminibus
564 2937 687 3000 deportoei
702 2937 864 2997 diripientium
912 2934 999 2995 J.B.]

337 3015 445 3062 maistins
465 3015 598 3075 imperarit,
625 3018 653 3060 nt
674 3013 795 3072 cupiditas
813 3025 864 3071 oue
957 3019 971 3054 Ρ
991 3011 1152 3072 Posteaquam
1171 3009 1206 3057 od
1224 3010 1278 3058 loca
1296 3010 1343 3059 illa
1360 3011 1440 3058 nmis·

338 3090 522 3151 depredationis
537 3089 625 3137 ambitu
640 3087 770 3134 admiserm
782 3085 865 3144 scetus,
913 3081 981 3143 teu]
1017 3081 1114 3128 Eisdem
1138 3082 1301 3141 spostolcrsm
1333 3081 1440 3129 herillcis

337 3167 458 3214 &rodone
467 3165 604 3226 turpissimo
614 3163 700 3210 deleret
708 3173 832 3208 excesem
915 3156 1004 3204 Gotthi
1020 3156 1065 3202 sub
1081 3155 1164 3216 muge
1180 3155 1284 3202 Romsm
1301 3157 1439 3204 obsidentes

381 3250 394 3275 ¹
412 3235 801 3297 Testantnrhocrsmiprssrsloeal
814 3235 864 3281 Ex·
913 3233 1080 3293 pepercerunt,
1100 3234 1163 3278 teste
1177 3231 1295 3292 Procopio
1314 3231 1438 3279 Gotttico·

337 3317 432 3378 scripsit
446 3318 510 3363 hnno
524 3315 602 3362 locum
618 3312 725 3359 Isidorus
745 3311 771 3356 in
786 3309 864 3356 (thro-
913 3319 1004 3354 rumis.
1015 3306 1078 3366 (esp.
1088 3306 1122 3366 4.)
1146 3305 1228 3352 Etism
1237 3307 1343 3354 tuberis
1352 3311 1378 3355 et
1388 3319 1440 3354 non

338 3559 388 3615 the
408 3559 544 3630 temples;
560 3558 647 3629 being
665 3557 699 3613 ot
717 3557 767 3612 the
780 3573 858 3613 ssme
875 3557 995 3630 religion
1013 3573 1045 3612 es
1062 3555 1111 3612 the
1130 3557 1246 3623 Greeks,
1258 3557 1351 3614 whom
1367 3559 1438 3632 they

338 3645 506 3715 conqueret.
540 3644 606 3697 And
617 3659 688 3698 even
701 3659 767 3697 men
782 3659 855 3699 were
869 3643 1028 3715 commonly
1041 3643 1144 3714 spered
1158 3659 1195 3698 on
1209 3651 1330 3700 scoount
1341 3646 1376 3700 of
1385 3645 1436 3702 the

337 3728 466 3799 temptes,
485 3745 516 3784 ss
538 3726 602 3795 (not
618 3734 648 3783 to
669 3729 779 3784 cdduce
794 3729 935 3801 exemplet
950 3729 984 3783 of
996 3726 1120 3784 hosthen
1140 3729 1260 3794 natione,
1278 3730 1368 3785 which
1386 3747 1436 3786 sre

336 3829 497 3879 numerous,
521 3814 667 3869 inesmuch
692 3831 723 3870 ss
748 3814 856 3870 writers
882 3814 936 3870 cell
957 3813 1013 3870 thie
1035 3815 1076 3869 the
1097 3832 1218 3870 cornmon
1237 3833 1319 3887 nscpe
1340 3819 1375 3890 ‘ff
1395 3819 1436 3871 tte

339 3897 459 3966 (imin)
481 3900 520 3972 by
545 3899 595 3956 the
619 3899 718 3967 Goths,
741 3899 823 3956 when
851 3899 920 3974 they
940 3900 1009 3956 took
1034 3900 1144 3967 Rome;
1165 3900 1256 3956 which
1277 3901 1436 3974 Augustine

335 4001 451 4060 premes.

389 4071 456 4125 VII.
494 4075 508 4124 1
531 4069 617 4125 tht
630 4069 765 4127 hasbeen
779 4072 841 4127 ssid
853 4072 887 4127 cf
897 4071 994 4127 secred
1010 4072 1111 4144 plnces,
1122 4089 1189 4144 msy
1197 4071 1235 4128 be
1249 4071 1363 4144 spplied
1375 4072 1435 4128 eleo

336 4162 367 4212 to
379 4155 585 4227 hutini-plocen,
597 4156 653 4210 snd
667 4162 698 4211 to
712 4157 761 4213 the
772 4163 951 4213 monuments
963 4158 997 4211 of
1007 4158 1056 4213 the
1067 4157 1154 4212 desdt
1173 4157 1219 4213 sor
1230 4157 1318 4222 these,
1325 4158 1436 4230 though

336 4243 386 4297 the
405 4243 472 4296 Len
487 4241 520 4296 ct
531 4241 650 4296 Notione
665 4242 759 4298 ullone
772 4243 862 4297 wreth
879 4250 909 4299 to
923 4242 961 4298 do
975 4244 1011 4298 its
1025 4243 1103 4297 work
1114 4259 1151 4297 on
1165 4240 1245 4297 them
1260 4243 1327 4297 with
1341 4243 1436 4315 impu·

336 4329 407 4400 nity,
421 4332 524 4383 cannot
543 4326 579 4383 be
594 4326 715 4382 riolstod
732 4327 851 4382 without
864 4328 1015 4399 trumpling
1029 4345 1067 4384 on
1078 4327 1234 4400 humenity.
1267 4329 1371 4383 Juriste
1385 4343 1436 4400 esy

338 4412 401 4467 thet
419 4413 482 4469 thet
496 4414 519 4470 ie
535 4413 583 4469 the
597 4412 710 4485 highest
723 4413 844 4477 Reneon,
859 4413 949 4468 which
962 4413 985 4468 is
999 4429 1037 4468 on
1051 4411 1101 4469 the
1111 4412 1172 4468 side
1186 4413 1220 4468 oi
1228 4413 1356 4486 religion.
1395 4413 1435 4469 So
