3225 5125
153 346 222 401 Gne.
235 343 303 413 IX.]
532 347 585 401 DE
607 346 872 404 POSTLIMINIO.
1195 334 1256 401 179

154 509 224 596 quis
239 510 281 576 ab
298 510 440 577 hostibus
455 516 565 595 captus
584 518 667 575 esset
689 509 789 575 'bona
811 508 878 597 ejus
894 508 1000 575 futura
1020 506 1151 573 fuissent
1166 528 1255 575 occu·

154 608 305 697 pontium,
323 609 398 695 quia
414 607 467 695 qui
483 608 568 694 apud
586 609 692 675 hostes
714 619 772 685 oet,
789 630 848 695 pro
866 607 950 675 nullo
966 607 1113 673 hahetur.
1161 607 1254 684 Quod

154 710 181 774 si
207 708 260 795 qui
282 718 392 796 captus
414 708 519 773 fuerat
544 707 671 785 rediret,
701 707 779 773 nihil
807 707 962 795 reciperet
986 715 1102 795 prester
1125 728 1163 771 ea
1183 728 1255 792 quse

150 808 225 893 juro
249 808 389 896 gentium
413 805 633 894 postliminium
659 807 785 875 habent.
839 807 931 886 Quod
955 827 1032 873 vero
1060 805 1254 892 captivorum

155 907 237 973 bona
252 907 325 973 fisco
342 908 458 973 cedunt
476 904 504 972 si
526 906 619 972 heres
639 908 742 973 nullus
757 905 808 983 sit,
831 929 872 973 ex
888 907 961 993 jure
985 905 1110 993 speciali
1126 913 1174 972 est
1191 907 1255 971 Ro-
1268 933 1330 971 aar.
1342 935 1367 972 n.
1377 936 1402 974 ιι

154 1028 254 1071 mano.
305 1006 448 1075 Vidimus
472 1005 584 1073 dehis
608 1005 663 1093 qui
686 1006 839 1073 redeunt:
865 1006 1026 1074 videamus
1050 1004 1090 1071 de
1112 1004 1162 1070 hie
1184 980 1417 1119 quaefflih‘h

153 1106 355 1193 recipiuntur.
1318 1100 1323 1110 ’

225 1206 285 1271 ΧΙ.
333 1209 352 1271 1
387 1206 476 1269 Inter
498 1203 567 1269 hoeo
590 1212 664 1271 sunt
682 1204 817 1292 primum
840 1206 924 1271 servi
946 1212 980 1271 et
995 1203 1125 1282 ancillae,
1142 1198 1253 1271 ‘etiam

155 1324 239 1390 sepe
256 1303 392 1380 alienati,
409 1303 525 1369 ”ouem
546 1304 587 1370 ab
607 1304 697 1369 hoste
720 1303 917 1371 manumissi:
944 1304 1017 1391 quia
1033 1305 1168 1369 hostium
1180 1302 1254 1390 juro

156 1403 352 1469 manumissio
374 1403 482 1468 obesse
504 1401 565 1468 civi
588 1411 696 1469 nostro
715 1403 798 1469 servi
824 1403 946 1469 domino
972 1426 1035 1469 non
1061 1405 1181 1490 potuit:
1217 1411 1254 1470 ιιι

156 1502 236 1567 bene
251 1509 341 1569 notat
368 1501 600 1590 Tryphoninus.
652 1502 717 1568 Sed
739 1511 776 1567 ut
797 1523 907 1567 servus
930 1502 1109 1589 recipiatur,
1129 1525 1253 1569 neccsse
1267 1524 1389 1609 osam

157 1609 206 1666 est
221 1610 257 1667 ut
271 1609 327 1667 ant
343 1622 457 1667 revera
477 1602 631 1667 habeatur
648 1622 668 1666 a
685 1610 792 1667 wetere
815 1600 948 1679 domino,
965 1610 1021 1667 aut
1036 1602 1148 1668 haberi
1163 1602 1252 1668 facile
1265 1592 1400 1701 pimpg'·

156 1699 261 1787 possit.
315 1702 421 1778 Quare
436 1722 505 1765 oum
523 1699 555 1764 in
572 1701 667 1766 rebus
685 1700 755 1766 aliis
771 1700 901 1766 sufficiat
917 1722 970 1766 eae
991 1700 1076 1767 intra
1092 1701 1169 1767 fines
1185 1723 1254 1767 esse
1287 1688 1292 1699 ¹
1365 1672 1381 1711 Ρ

157 1799 332 1885 perductas,
353 1800 395 1865 od
415 1798 594 1887 postliminii
614 1799 668 1885 jus
691 1800 725 1864 in
749 1820 840 1864 servo
864 1797 897 1864 id
922 1821 985 1865 non
1004 1798 1066 1865 erit
1086 1800 1170 1877 satis,
1194 1799 1253 1864 nisi

156 1907 192 1963 et
207 1908 426 1987 cognoscatur:
453 1920 525 1963 nam
541 1898 595 1984 qui
610 1898 643 1963 in
659 1899 738 1965 urbe
755 1899 857 1963 Roma
873 1906 921 1965 ost
937 1898 982 1964 ita
998 1908 1034 1964 ut
1048 1898 1156 1975 lateat,
1175 1920 1253 1963 non-

156 1996 231 2061 dum
246 2006 390 2083 receptus
410 1997 508 2063 Paulo
524 1997 658 2063 ridetur.
709 1997 757 2063 Ac
783 1996 862 2061 sicut
882 1997 943 2061 hac
959 1997 992 2061 in
1015 2006 1105 2083 parte
1122 2020 1143 2062 a
1159 1998 1252 2062 rebus
1265 2009 1336 2051 mo
1348 2011 1407 2051 Μ

155 2095 296 2162 inanimis
310 2097 406 2163 distat
421 2118 540 2174 servus,
554 2096 599 2164 ita
614 2095 747 2162 vicissim
762 2118 783 2162 a
798 2094 897 2160 libero
909 2094 1033 2161 homine
1046 2096 1078 2161 in
1095 2118 1132 2161 eo
1147 2097 1251 2174 distat,

155 2194 240 2281 quod
263 2204 300 2263 ut
321 2196 507 2283 postliminio
529 2196 698 2283 recipiatur
727 2217 791 2260 non
816 2194 988 2281 requiritur
1014 2205 1050 2261 ut
1075 2195 1178 2260 animo
1202 2217 1254 2261 res

154 2305 277 2362 nostras
291 2295 441 2382 sequendi
457 2294 588 2361 venerit.
640 2296 678 2361 Id
696 2295 777 2362 enim
793 2293 826 2359 in
843 2316 880 2359 eo
896 2293 1068 2380 requiritur
1084 2294 1137 2381 qui
1154 2316 1188 2360 se
1204 2316 1254 2359 re-

155 2403 301 2481 cepturus
326 2405 383 2472 est,
399 2416 463 2461 non
486 2394 520 2459 in
545 2393 659 2481 ecqui
683 2396 724 2461 ab
749 2395 849 2459 altero
874 2393 916 2459 sit
937 2393 1140 2481 recipiendus,
1161 2401 1193 2460 et
1217 2401 1254 2460 ιιι

157 2494 291 2562 Sebinno
323 2493 456 2583 scripsit,
488 2497 529 2561 dc
560 2516 624 2561 cuc
650 2517 718 2582 paca
742 2496 877 2562 civitate
902 2497 1016 2579 coique
1036 2496 1252 2562 constituendi
1265 2501 1346 2589 53¹⁹·
1361 2499 1398 2549 ιι

147 2597 302 2680 facultas
319 2597 423 2661 libera
439 2607 494 2671 est,
515 2617 579 2660 non
595 2597 636 2660 dc
652 2597 792 2661 dominii
800 2596 885 2678 jure.

231 2697 253 2759 2
286 2695 359 2760 Non
371 2694 494 2782 excepit
510 2693 550 2759 ab
567 2694 627 2760 hoc
644 2694 784 2783 gentium
796 2692 870 2779 juro
887 2713 994 2759 servos
1008 2692 1187 2783 transfugas
1201 2692 1254 2758 lex

155 2872 221 2918 thien
240 2870 384 2931 mnucipinm
402 2871 468 2917 bello
491 2875 615 2932 receptum
635 2872 679 2918 do·
728 2870 823 2918 mentis.
847 2869 902 2916 Lib.
913 2882 939 2917 v.
949 2870 987 2915 tit
997 2869 1028 2917 iv.
1039 2871 1076 2916 21.

155 2947 220 2992 mino
236 2945 353 3001 redditur,
368 2945 390 2992 is
406 2947 448 3006 qni
464 2946 563 3006 reecpit,
583 2947 679 2992 tertiam
773 2947 885 2992 unciam
901 2946 931 2992 αι
949 2947 1014 2992 hotto
1027 2945 1174 3003 manumissi]
1194 2945 1255 2992 Uta

155 3024 247 3079 partem
257 3019 345 3078 accipit
356 3020 416 3080 justi
426 3019 505 3080 pretii.
536 3019 562 3066 Si
577 3020 608 3065 nh
623 3021 679 3066 hos·
729 3021 879 3079 Mithridate,
895 3021 936 3080 qui
952 3020 1050 3066 retracti
1065 3020 1090 3064 in
1108 3022 1255 3068 servitutem.

155 3095 219 3140 nhns
239 3094 361 3141 venditum
378 3101 500 3156 receptum
520 3095 602 3153 inerit,
616 3095 680 3142 rodit
729 3096 857 3156 Appianas
872 3095 1044 3153 Mithridatico,
1057 3094 1126 3155 (pag.
1137 3096 1189 3142 211.
1205 3094 1255 3141 Ed.

154 3168 186 3213 ed
196 3169 318 3214 dominnm
333 3169 412 3228 pretio
426 3169 521 3216 reddito
531 3173 556 3215 et
566 3168 678 3215 meliora·
730 3171 766 3216 Η.
777 3169 873 3232 steph.)

156 3415 217 3471 The
228 3414 407 3474 confiscation
419 3418 453 3474 of
466 3419 516 3476 the
533 3427 667 3494 property
682 3422 716 3477 of
726 3420 859 3495 captives,
880 3419 906 3475 ii
923 3419 1005 3476 thero
1023 3420 1045 3474 is
1060 3435 1097 3473 no
1120 3416 1190 3484 heir,
1203 3419 1256 3474 iso

155 3502 258 3574 speciei
273 3504 384 3559 Roman
398 3505 460 3561 lew.

211 3589 250 3642 So
268 3589 352 3645 much
370 3590 405 3646 oi
418 3591 499 3647 those
513 3607 629 3664 persons
646 3591 707 3649 who
725 3597 839 3650 returns
861 3609 924 3648 uow
939 3592 973 3648 of
986 3590 1036 3647 the
1055 3589 1150 3663 things
1163 3589 1256 3645 which

155 3689 204 3729 are
217 3675 376 3730 recovered.

207 3760 261 3815 XI.
300 3768 315 3815 1
339 3761 416 3817 Such
436 3779 485 3818 ere
504 3780 570 3819 men
588 3763 645 3819 and
667 3780 775 3819 women
794 3763 892 3830 slaves,
907 3780 977 3819 ewen
997 3761 1079 3818 when
1093 3763 1257 3836 repentedly

156 3845 305 3912 alienated,
320 3863 354 3902 or
366 3849 553 3904 manumitted
564 3851 602 3922 by
611 3847 660 3904 the
668 3866 786 3922 enemy:
805 3851 852 3905 for
862 3849 931 3905 such
941 3849 1141 3904 manumission
1153 3854 1257 3904 cannot

157 3932 299 4002 prejudice
309 3932 359 3988 the
368 3934 443 4006 right
454 3935 486 3989 of
494 3935 543 3991 the
554 3937 653 3990 citizen
662 3952 764 3990 owner.
792 3937 851 3990 But
860 3936 923 3991 that
935 3953 952 3989 a
963 3934 1038 3990 slave
1050 3935 1086 3990 he
1097 3933 1257 4000 recovered,

156 4015 193 4071 he
205 4024 279 4072 must
290 4019 326 4073 be
343 4019 374 4073 in
391 4036 409 4074 a
428 4021 572 4076 condition
590 4026 619 4075 to
637 4022 674 4076 he
691 4027 742 4092 got
758 4027 790 4076 ιιι
806 4021 845 4093 by
862 4020 905 4076 his
920 4027 1039 4086 mosten
1058 4027 1108 4075 not
1126 4019 1192 4091 only
1210 4037 1254 4074 rc-

156 4103 259 4157 tumed
273 4103 371 4159 within
389 4105 439 4161 the
459 4108 575 4177 empus,
594 4107 648 4162 hut
661 4107 763 4162 known
782 4107 829 4173 of;
851 4108 875 4162 it
895 4107 918 4162 is
932 4114 984 4162 not
998 4105 1110 4178 enough
1129 4107 1153 4158 if
1169 4105 1206 4158 he
1219 4104 1256 4160 be

156 4187 262 4242 hidden
274 4190 305 4243 in
316 4191 417 4248 Rome.
454 4191 519 4248 And
530 4209 561 4248 as
573 4211 590 4248 a
601 4193 677 4248 slavo
688 4193 717 4246 iu
730 4193 785 4248 this
797 4193 892 4248 differs
904 4193 978 4248 from
989 4193 1142 4247 inanimato
1153 4189 1256 4258 things,

156 4273 186 4327 in
205 4275 326 4330 another
341 4277 423 4349 point
436 4277 473 4333 he
488 4278 582 4335 differs
602 4279 676 4334 from
691 4294 708 4333 a
725 4279 787 4334 free
802 4297 885 4345 man;
912 4279 973 4334 itis
990 4285 1042 4332 not
1056 4291 1201 4345 necessary
1219 4273 1256 4327 he

156 4359 256 4414 should
273 4361 345 4417 hare
359 4379 440 4420 come
454 4365 521 4419 with
536 4383 554 4420 n
565 4367 634 4420 view
649 4365 682 4420 of
690 4367 800 4437 staying
814 4364 881 4420 with
896 4381 937 4419 us.

211 4452 228 4500 2
249 4448 395 4522 Runaway
412 4449 501 4508 slaves
514 4469 562 4510 are
580 4458 631 4508 not
650 4453 786 4525 excepted
802 4451 878 4507 from
900 4450 955 4507 this
970 4448 1040 4504 rulo.
1087 4444 1147 4500 Tho
1163 4459 1256 4506 owner

1043 4556 1156 4619 12-2
