3225 5125
198 302 269 357 (iss.
282 297 376 367 xm]
418 296 774 354 nnlffnnslsnuumn
793 296 909 353 ulnus
930 297 1085 355 CAPTOS.
1237 290 1300 353 255

272 468 294 531 2
326 463 399 532 Erit
413 470 520 530 entem
534 462 688 550 equitetis
703 470 737 528 et
751 462 899 530 bonitatis
916 462 1046 529 offioium
1062 461 1113 528 hio
1128 483 1251 549 quoque
1263 484 1302 529 ee

198 565 349 632 adhibere
365 563 553 641 discrimine,
570 584 650 650 quae,
666 584 738 627 oum
760 562 801 629 de
825 561 1044 629 interficiendis
1064 561 1204 627 hostibus
1227 583 1302 651 nge-

198 674 298 742 retur,
314 684 411 751 supro
425 670 576 730 snnotstn
591 669 673 727 snut
723 662 951 728 Demosthenes
965 661 998 727 in
1014 660 1145 748 epistole
1160 682 1219 747 pro
1236 662 1301 750 Ly·
1314 663 1434 712 ΝΜ

199 764 289 852 eurgi
304 762 412 829 liberis
430 760 538 827 lsudnt
555 760 736 847 Philippum
756 760 970 838 Macedonem,
986 760 1091 847 *quod
1106 782 1168 825 nou
1185 782 1300 839 omues,

198 862 253 949 qui
268 863 352 928 intel·
366 861 473 928 hosne
488 860 622 937 noent
639 880 748 925 servos
763 859 905 926 fecisset:
928 888 980 927 και
1005 887 1077 952 ’γαρ
1102 888 1181 928 oure
1200 852 1302 927 δίκαια

200 963 282 1030 εἶναι
308 956 391 1054 πρός
424 957 575 1028 ἅπαντας
606 954 654 1026 ‘rei
684 953 786 1041 uisci,
820 952 899 1027 obre
932 956 1018 1029 καλᾶ
1050 954 1185 1049 ἡγεῖτο,
1208 955 1302 1027 α’λλοὶ

201 1056 267 1142 τήν
282 1062 343 1140 τῆς
358 1056 451 1148 ἀξίας
476 1054 669 1152 προσθήκην
692 1052 984 1151 συλλογιζόμενος,
1008 1058 1052 1126 τὰ
1078 1052 1206 1126 τοιαῦτ’
1224 1052 1303 1125 ἑπέ-

199 1180 324 1251 spineo·
348 1180 446 1245 mue
470 1160 565 1234 enim,
586 1156 697 1244 inquit,
717 1159 829 1223 eodem
854 1159 1017 1224 insomnes
1038 1168 1098 1223 aul
1121 1180 1216 1243 oequa
1241 1170 1303 1223 aut

199 1259 332 1325 bonate
349 1259 505 1334 censebat,
523 1259 580 1324 sed
595 1278 663 1323 rem
679 1268 838 1342 apulam
852 1278 925 1322 eum
938 1259 1116 1323 accessione
1132 1257 1199 1340 ejus
1216 1258 1302 1343 quod

200 1360 334 1444 quoqne
349 1360 527 1433 mouisset,
543 1358 644 1421 etiam
660 1358 697 1420 io
713 1356 834 1421 talibus
850 1356 936 1421 velot
944 1357 1091 1439 jndicem
1107 1357 1235 1440 agebat.

276 1457 321 1523 Il.
372 1458 393 1521 1
428 1454 494 1521 Sed
519 1454 654 1542 primum
682 1453 853 1521 notandum
880 1453 931 1519 hio
957 1462 1015 1532 est,
1037 1454 1090 1541 jus
1114 1454 1191 1521 illud
1217 1454 1302 1541 qnod

200 1553 290 1640 qussi
308 1574 350 1621 ex
370 1553 565 1641 fidejussione
589 1575 648 1640 pro
670 1552 796 1619 civitae
817 1553 926 1629 oritur,
947 1552 1127 1640 neutiquam
1147 1560 1213 1619 tam
1237 1552 1302 1620 lete

200 1662 319 1739 petere,
345 1675 437 1740 quam
458 1653 512 1740 jus
536 1651 619 1739 quod
641 1673 682 1717 ex
707 1650 819 1717 delicto
843 1651 1032 1717 naseitur'in
1053 1651 1180 1738 eosqui
1202 1673 1302 1738 poenoe

201 1751 285 1817 servi
308 1752 396 1818 finnt.
446 1752 541 1818 Unde
567 1752 741 1838 Spartanus
762 1750 888 1837 quidem
912 1743 1089 1837 bcaptivum
1111 1772 1145 1817 se
1167 1749 1300 1827 dicebat,

204 1851 282 1913 ¹nou
299 1870 441 1916 wrvum:
465 1872 537 1915 nnm
558 1850 586 1917 si
605 1871 673 1916 rem
695 1859 781 1917 reote
803 1848 989 1936 inspicimus,
1010 1849 1063 1936 jus
1078 1849 1139 1914 hoo
1154 1848 1302 1937 generale

201 1946 234 2013 in
251 1956 358 2035 neptes
374 1971 414 2015 ex
429 1948 508 2015 bello
527 1948 614 2036 justo
630 1970 689 2035 pur
704 1957 754 2015 est
774 1947 804 2013 ei
822 1947 887 2034 juri
904 1948 987 2035 quod
1003 1949 1121 2014 hebent
1137 1947 1252 2013 domini
1267 1947 1302 2014 in

200 2047 325 2133 eosqui
341 2069 376 2113 se
390 2057 576 2136 paupertate
590 2047 689 2115 ooseti
708 2047 742 2113 in
763 2046 945 2113 servitutem
962 2046 1179 2123 vendiderunt,
1196 2047 1301 2113 demto

202 2146 286 2231 qnod
300 2147 393 2213 etism
409 2147 508 2236 megin
523 2146 699 2213 miserendo
719 2155 768 2212 est
790 2167 898 2211 eorum
915 2145 1082 2223 oslnmitss,
1097 2145 1151 2232 qui
1167 2166 1229 2211 non
1244 2167 1301 2211 suo

203 2244 286 2310 lecto
310 2244 432 2332 speciali
455 2246 512 2313 sed
532 2245 708 2335 regentium
729 2245 823 2332 culpe
840 2244 874 2310 in
894 2266 963 2311 eam
986 2253 1102 2311 sortem
1123 2244 1300 2311 deveniunt.

204 2339 410 2413 Δεινότατον
425 2338 642 2439 δοριαλωτοῦς
666 2338 839 2435 γενέσθαι·
864 2366 917 2413 res
933 2346 1144 2413 acerbissima
1162 2357 1209 2411 est
1226 2346 1302 2411 belli

193 2442 272 2527 ,siste
286 2447 452 2531 captivom
461 2447 541 2531 fieri
550 2470 561 2512 .·
587 2452 667 2512 teste
684 2444 833 2512 Isocrate.
1313 2460 1463 2511 mom

201 2618 258 2664 bnt
270 2617 364 2667 lituos.
384 2619 452 2680 (Lib.
468 2619 540 2681 Quod
547 2621 622 2667 mie
631 2620 726 2667 Probus
775 2635 834 2681 pag.
844 2621 898 2670 ⁴45.
911 2621 954 2668 sed
963 2635 1012 2666 non
1023 2619 1101 2678 docet,
1113 2619 1178 2666 unde
1185 2618 1301 2667 hsussrlt.

202 2693 269 2754 liber,
283 2708 341 2754 pag.
352 2695 448 2754 8701.)
480 2695 601 2742 Nimirum
617 2699 646 2742 ut
659 2695 725 2756 spnd
776 2697 894 2756 Bepsries
909 2698 973 2758 opud
990 2697 1185 2754 Anisrornunu,
1201 2696 1302 2744 Politio.

202 2766 624 2830 Theodectenllelensloqnebstnrs
776 2771 1300 2834 sib.1.osp.vl.psg.sosn.Eot1³arie.

252 2857 311 2898 οὐ
323 2855 359 2898 ω
374 2856 455 2909 loto&
465 2856 551 2909 εφη,
559 2856 687 2910 smum,
776 2846 819 2892 nbi
834 2845 937 2906 legitur:
959 2846 1037 2892 θείων
1058 2845 1078 2892 δ’
1096 2845 1149 2904 ἀπ’,
1171 2844 1213 2892 lic.
1231 2849 1260 2892 ut
1276 2847 1302 2891 et

252 2923 289 2968 τίς
300 2923 328 2966 tr
340 2922 462 2976 neomuto
474 2921 585 2973 ι’ξιόσιιιν
598 2923 685 2975 Λόφιν,
776 2920 802 2966 ln
823 2919 915 2966 Heinsli
934 2919 1054 2978 Editione,
1075 2934 1130 2966 enm
1150 2918 1301 2981 Psrspbmi.
1341 2981 1344 2997 ἡ

249 3005 701 3055 emembrem-mnes
776 2992 859 3053 Mt]

248 3068 407 3108 monem
418 3069 672 3117 mmmm-uuest?
823 3067 932 3115 ¹Rslert
951 3067 976 3113 id
993 3067 1174 3130 Pannoniis,
1195 3069 1302 3130 Apoptt.

203 3138 298 3202 [ΗΜ
316 3139 363 3186 hoe
385 3140 480 3186 Auctor
504 3144 588 3186 παίω·
607 3139 680 3185 etism
699 3137 725 3184 ln
776 3141 866 3190 Lacon
882 3143 1028 3202 numism
1049 3141 1120 3190 Tem.
1131 3155 1161 3190 ιι.
1181 3143 1234 3191 Ed.
1251 3145 1301 3191 We-

202 3213 636 3277 Ereerptiseaelroqoedetconoed.
649 3214 725 3263 Grec.
777 3215 836 3264 olel.
866 3214 893 3264 J.
902 3215 936 3262 B.

203 3459 304 3531 killing
325 3459 457 3515 enemies.
489 3460 696 3516 Demosthenes
719 3460 826 3533 preises
849 3461 954 3534 Philip,
976 3460 1097 3516 beoeuse
1117 3457 1155 3516 he
1178 3459 1227 3515 did
1249 3465 1301 3518 not

204 3545 288 3600 mehe
307 3544 396 3600 slaves
418 3543 452 3599 ol
471 3545 510 3600 sll
531 3545 594 3601 who
614 3546 673 3602 hod
691 3546 766 3603 been
785 3547 830 3603 his
850 3549 983 3613 enemies,
1006 3545 1059 3601 but
1078 3545 1205 3618 weighed
1226 3545 1302 3602 their

257 3716 297 3771 11.
332 3719 349 3770 1
370 3715 429 3770 But
440 3715 511 3782 llrst,
531 3713 588 3770 this
606 3716 630 3771 is
645 3722 675 3771 to
689 3716 726 3772 be
741 3718 846 3784 noted3
866 3717 929 3774 thet
947 3717 997 3774 the
1011 3717 1087 3790 right
1107 3717 1198 3774 which
1215 3719 1301 3776 nrises

204 3801 280 3856 from
291 3799 403 3856 citizens
415 3801 500 3872 being
511 3819 530 3856 n
542 3807 602 3856 sort
613 3803 647 3857 of
655 3808 750 3875 snrety
759 3789 807 3858 ¹for
818 3803 867 3859 the
880 3805 1001 3869 Stete‚is
1015 3803 1052 3875 by
1067 3820 1104 3858 no
1116 3821 1212 3860 menns
1223 3811 1253 3860 to
1265 3805 1302 3860 be

206 3885 344 3941 extended
355 3903 387 3941 so
401 3886 502 3958 widely
521 3903 552 3941 us
570 3887 620 3942 the
637 3887 713 3958 right
729 3889 821 3945 which
837 3891 923 3945 enisos
938 3908 970 3944 ee·
988 3891 1080 3944 delicto
1098 3891 1207 3962 sgninst
1220 3889 1303 3948 those

204 3969 267 4028 who
279 3987 328 4027 ure
338 3971 423 4043 penul
437 3972 535 4027 sleres.
558 3972 624 4026 sno
635 3972 709 4038 thus,
723 3990 741 4027 e
751 3975 859 4029 eertein
872 3975 994 4047 Sparten
1005 3974 1074 4039 said,
1088 3975 1153 4030 thnt
1166 3975 1203 4032 he
1214 3993 1270 4032 ves
1284 3993 1304 4032 e

205 4057 324 4130 eoptive,
335 4056 388 4111 bnt
402 4062 455 4112 not
469 4073 487 4112 s
500 4057 585 4113 slnre.
621 4058 679 4112 For
696 4058 722 4112 if
738 4077 780 4115 we
794 4058 900 4131 rightly
920 4059 986 4115 look
1004 4066 1034 4114 st
1051 4059 1101 4115 the
1118 4067 1229 4126 matter,
1245 4061 1302 4116 this

203 4141 320 4214 general
331 4140 408 4213 right
419 4143 529 4214 sgninst
539 4143 670 4216 captives,
684 4144 707 4198 is
723 4161 760 4200 on
772 4161 790 4200 s
803 4145 861 4200 like
872 4145 983 4217 footing
996 4145 1063 4200 with
1079 4145 1127 4200 the
1142 4145 1218 4215 right
1237 4145 1270 4202 of
1284 4163 1303 4200 s

204 4233 310 4283 mester
329 4243 396 4282 orer
409 4226 490 4283 those
505 4227 568 4283 who
580 4229 651 4284 heve
665 4229 727 4284 sold
747 4229 914 4286 themselves
933 4232 994 4287 into
1014 4231 1122 4302 slnrery
1139 4229 1230 4284 under
1252 4229 1303 4287 the

204 4312 380 4385 compulsion
394 4313 428 4367 of
438 4318 529 4379 παις
550 4313 722 4386 abstrseting
735 4315 785 4371 the
803 4317 917 4372 heevier
933 4321 998 4389 punt
1015 4316 1049 4370 oi
1066 4315 1141 4370 their
1162 4315 1303 4386 enlumity,

203 4397 268 4454 thnt
281 4397 350 4472 they
361 4397 435 4456 heve
455 4415 535 4456 come
548 4399 610 4456 into
624 4399 688 4456 thot
706 4417 777 4466 osse,
796 4409 849 4457 not
867 4402 906 4476 by
923 4419 980 4476 any
997 4400 1102 4474 speeiel
1117 4405 1163 4456 eet
1179 4399 1213 4457 of
1227 4398 1304 4456 their
