3225 5125
211 361 281 417 cu.
295 356 374 430 xa]
513 357 823 425 sooumrnrousm
843 357 1006 414 munau.
1247 333 1313 414 277

209 528 385 614 imperium
396 526 497 611 jueta
513 526 701 602 libertatem
719 547 904 610 paucorum
920 523 1101 589 dominatio
1123 521 1222 607 rapite
1239 522 1313 588 lihi-

210 627 285 692 dioi
303 627 445 712 propior
470 636 524 690 est.
581 624 646 689 Sed
670 622 820 709 ejusmodi
845 622 1031 688 mutationes
1055 642 1097 686 an
1121 620 1163 688 ad
1186 619 1313 688 victoris

210 723 409 792 securitatem
426 721 554 807 iaciant,
567 743 632 787 non
646 730 696 788 est
712 729 828 787 nostra
843 719 1049 808 inspectionis.

288 823 349 888 IX.
390 820 426 888 Si
443 821 544 887 minus
561 828 663 888 tutum
678 819 720 886 sit
735 819 820 885 omni
835 819 867 886 in
885 819 983 885 victos
998 817 1129 907 imperio
1145 817 1312 896 abstinere,

211 920 383 1008 temperari
397 928 503 987 tamen
519 941 571 986 res
582 926 695 1006 potest,
712 927 748 986 ut
764 917 882 1006 aliquid
895 917 1017 1006 imperii
1033 918 1227 1004 relinquatur
1238 916 1314 1004 ipsis

211 1029 268 1088 aut
291 1021 429 1106 ipsorum
453 1018 591 1107 regibus.
642 1016 755 1104 Populi
783 1017 918 1083 Romani
945 1016 1196 1083 consuetudinem
1222 1024 1314 1082 vocat

213 1117 340 1184 Tacitus
362 1126 399 1184 ut
420 1118 553 1184 haberet
574 1118 791 1183 instrumenta
815 1118 982 1184 remeatis
1003 1128 1033 1184 et
1052 1138 1150 1201 reyes.
1201 1113 1313 1180 Eidem
1325 1133 1463 1182 romeu·

212 1217 395 1284 Antiochus
418 1217 663 1282 inservientium
687 1237 800 1300 repom
827 1216 1034 1281 ditissimus:
1058 1212 1213 1300 Baccheis
1234 1209 1313 1280 Ῥω·
1327 1227 1452 1268 Emit-⁰1·

211 1315 313 1397 μαίων
333 1311 482 1395 ὑπήκοοι,
502 1314 556 1379 ²in
572 1313 801 1380 commentariis
822 1313 862 1379 do
878 1312 1043 1380 Musonius
1068 1321 1101 1380 et
1122 1312 1206 1401 apud
1226 1313 1313 1379 Stra·
1327 1341 1426 1390 mssa

212 1415 325 1480 bouem
341 1413 425 1480 circa
439 1413 532 1479 finem
545 1411 617 1479 libri
633 1411 724 1478 sexti.
770 1413 922 1494 Lucanus,
1327 1451 1401 1490 pm
1410 1451 1445 1489 „q

395 1541 488 1614 Atqoe
502 1527 702 1597 omuis¹1atio
716 1556 779 1611 qua
793 1540 880 1594 servit
894 1556 1019 1613 purpure
1032 1539 1118 1596 ferro.

213 1648 266 1715 Sic
287 1647 372 1735 apud
396 1647 525 1713 Judaeos
548 1647 663 1713 mansit
686 1653 844 1732 sceptrum
870 1645 903 1711 in
930 1643 1097 1734 Synedrio,
1122 1645 1217 1710 etiam
1242 1654 1314 1731 post

212 1747 459 1813 confiscationem
482 1744 638 1813 Archelai.
691 1744 857 1832 Eragores
877 1744 979 1832 Cypri
995 1765 1062 1820 rex,
1087 1750 1123 1809 ut
1138 1744 1222 1830 apud
1237 1742 1312 1807 Dio
1326 1759 1440 1800 Lum-

213 1845 325 1912 dorum
340 1854 397 1923 est,
415 1844 539 1912 dicebat
554 1842 636 1909 velle
652 1864 686 1909 ss
700 1843 807 1908 Perses
829 1843 966 1919 obedire,
981 1841 1037 1907 sed
1052 1849 1089 1907 ut
1109 1862 1217 1928 regem
1233 1840 1312 1928 regi.

213 1943 259 2010 Ει
273 1943 371 2010 Dario
388 1943 468 2010 victo
485 1942 648 2029 aliquoties
663 1942 744 2006 hanc
764 1939 970 2006 conditionem
986 1940 1109 2006 serebat
1123 1939 1312 2020 Alexander,
1326 1957 1469 2000 uramara

212 2043 277 2109 lmut
297 2041 365 2129 ipse
383 2042 553 2129 imperaret
570 2040 649 2117 aliis,
672 2048 799 2127 pareret
823 2038 1015 2105 Alexandro.
1066 2039 1133 2103 Nos
1153 2038 1193 2103 de
1215 2038 1314 2103 modis

213 2140 360 2207 miscendi
375 2139 498 2228 imperii
514 2137 648 2205 diximus
663 2137 747 2203 alibi.
792 2137 984 2216 Quibusdam
1000 2159 1075 2224 pars
1088 2135 1179 2226 regni
1195 2136 1312 2214 relicta,
1328 2158 1374 2244 pp
1383 2155 1478 2243 quipp.

213 2239 295 2306 deut
310 2239 467 2306 veteribus
482 2236 711 2325 possessoribus
726 2257 875 2325 agrorum
894 2257 976 2323 pars.
1368 2231 1373 2244 '

289 2338 330 2405 X.
382 2337 446 2404 Sed
468 2346 591 2402 etcum
611 2357 702 2427 omne
723 2334 887 2422 imperium
908 2334 1000 2402 victis
1018 2333 1159 2422 eripitur,
1182 2333 1317 2420 relinqui

213 2545 344 2589 nornen,
359 2529 438 2591 reperi
449 2530 513 2577 forts
524 2528 589 2590 apud
601 2527 740 2586 Bressos,
789 2529 817 2590 (ιι
831 2528 962 2578 claudian.
972 2529 1126 2577 Mamertino.
1136 2541 1157 2577 c.
1165 2525 1217 2588 10.)

215 2605 356 2653 Ser-sarlei.
371 2618 429 2664 pag.
441 2604 493 2651 336.
510 2604 562 2650 iait.
581 2604 622 2649 ubi
636 2604 741 2650 refertur
835 2614 853 2639 Ν
872 2606 906 2655 Ut
923 2606 973 2667 ipse
988 2607 1115 2666 imperaret
1133 2606 1199 2661 aliie,
1219 2608 1319 2664 pareret

213 2678 396 2741 egreglaoratio
403 2678 509 2724 Musunii
519 2677 550 2723 ad
557 2678 649 2737 Regem
657 2691 741 2737 quem·
788 2679 939 2741 Alaundro]
956 2680 1028 2727 Tales
1042 2684 1068 2727 et
1082 2680 1138 2726 olim
1153 2679 1179 2724 in
1194 2678 1266 2725 Italia
1280 2691 1319 2724 rs·

215 2755 270 2800 dam
285 2753 368 2814 Syria.
396 2753 432 2799 Et
451 2752 560 2812 quamvis
579 2765 658 2811 nequa
678 2751 740 2811 heic,
789 2769 833 2815 ges
848 2756 893 2801 sub
909 2756 1010 2802 aliorum
1028 2768 1112 2813 regum
1126 2754 1245 2815 imperiis:
1262 2754 1318 2799 Sar-

213 2842 259 2876 100
266 2829 332 2884 tlibi·
340 2828 365 2873 51¹
374 2826 422 2875 llll·
432 2825 601 2880 00¹1⁶⁰l⁸¹¹0512
612 2827 677 2885 q¹¹⁰d
686 2826 741 2886 (lul-
789 2830 843 2876 rins
853 2831 885 2876 ad
896 2844 923 2877 x.
931 2831 1029 2877 AErreid.
1040 2831 1109 2889 (vers.
1118 2830 1180 2887 665.)
1205 2830 1244 2876 Sic
1254 2828 1319 2889 apud

213 2904 268 2951 dsm
284 2902 365 2956 sciam,
381 2900 447 2946 dieta
461 2899 573 2955 Musunii,
589 2903 741 2958 tamquame
791 2905 935 2965 AEsehylum
954 2906 1040 2952 Persis
1058 2906 1129 2967 (pag.
1143 2905 1195 2953 126.
1211 2903 1261 2951 Ed.
1280 2902 1317 2951 H.

215 2976 398 3025 Commentariis
407 2975 529 3031 Pollionis,
538 2973 680 3031 laudentur;
689 2989 740 3021 me·
791 2979 898 3039 steph.):

212 3052 262 3099 rito
277 3057 358 3098 umen
374 3050 430 3097 lnde
445 3050 524 3109 peili}
538 3048 636 3109 conjicit
652 3053 740 3098 noster.
768 3049 773 3060 ’
842 3054 942 3098 Βασιλεῖς
956 3055 1062 3104 βασιλέως
1072 3053 1149 3105 ὕποχοι
1162 3053 1263 3105 aquou'

212 3126 241 3175 J,
252 3126 286 3177 B·
838 3120 902 3167 Reges
913 3120 964 3168 mla
975 3120 1044 3169 magnl
1055 3118 1137 3159 rubiaca.

258 3198 265 3235 ¹
286 3198 360 3247 Laio
375 3213 429 3261 quoe
444 3198 517 3244 mvii
532 3212 645 3257 purpura
657 3198 740 3259 ferro]
755 3220 769 3248 ο
792 3198 832 3246 Sic
848 3204 874 3245 st
889 3200 954 3259 apud
970 3199 1069 3254 Turres,
1090 3201 1152 3244 testa
1172 3194 1317 3243 Leunelarlo

213 3274 278 3323 Vrds
292 3275 466 3335 Panegyricum
484 3273 631 3320 Maximiano
650 3273 741 3320 dictum
789 3273 852 3320 libro
862 3285 942 3321 xvrrr.

213 3547 278 3607 that
298 3569 377 3608 seme
397 3553 540 3627 authority
557 3571 623 3627 may
644 3555 682 3611 hs
701 3555 754 3610 left
774 3560 806 3610 to
825 3556 914 3621 them,
932 3570 965 3609 or
984 3553 1059 3609 their
1077 3552 1167 3622 hings.
1205 3550 1319 3605 Tacitus

212 3637 317 3708 speaks
334 3636 368 3693 of
382 3639 406 3693 it
427 3655 458 3694 as
475 3640 525 3693 the
546 3645 656 3695 custom
676 3641 710 3695 of
726 3639 777 3696 ths
794 3642 920 3695 Romans
940 3650 966 3694 to
987 3642 1052 3693 hace
1068 3639 1146 3709 hirtos
1167 3654 1198 3691 as
1219 3636 1260 3691 the
1274 3636 1318 3689 ia·

213 3731 359 3777 dramatis
372 3726 410 3793 os
421 3725 489 3778 their
501 3726 578 3779 rulo:
600 3726 657 3779 aud
672 3725 741 3779 ealle
755 3725 912 3781 Antiochus
924 3727 965 3780 tlte
975 3726 1069 3779 richen
1082 3726 1119 3794 os
1124 3724 1220 3796 subject
1231 3722 1316 3792 kiaqs.

214 3807 255 3862 So
266 3808 413 3864 Musonius
427 3804 469 3877 [in
482 3809 619 3874 Stobeeus,
630 3827 678 3866 see
689 3811 718 3865 J.
729 3810 787 3867 B.'e
798 3810 887 3877 note]‚
900 3811 1011 3874 Strabo,
1025 3811 1130 3865 Lucan.
1166 3809 1205 3863 So
1217 3822 1320 3877 among

214 3891 264 3946 the
276 3892 359 3954 Jews.
374 3893 425 3949 the
437 3901 549 3965 sceptra
561 3896 708 3951 remained
722 3897 752 3950 in
766 3896 816 3951 the
830 3896 1007 3961 Sauhedrim,
1016 3912 1086 3951 eren
1101 3895 1176 3949 niter
1188 3893 1238 3948 the
1252 3908 1320 3947 corr·

213 3976 342 4031 Aseadon
358 3978 393 4033 of
409 3977 569 4036 Archelaus.
607 3982 646 4035 So
667 3982 809 4052 Eragorss
828 3981 862 4037 of
877 3982 985 4052 Cyprus
999 3997 1054 4035 was
1074 3980 1180 4049 willing
1201 3984 1231 4033 to
1246 3977 1320 4047 obey

213 4060 264 4117 the
280 4062 399 4117 Persian
416 4064 493 4135 king,
510 4080 542 4119 as
559 4082 614 4120 ons
630 4065 700 4137 king
716 4066 846 4121 another.
890 4065 955 4121 And
973 4066 1048 4120 after
1061 4066 1164 4119 Darius
1179 4076 1234 4116 was
1252 4077 1320 4115 eon·

212 4147 328 4217 mered,
345 4147 393 4203 for
409 4164 488 4204 some
506 4150 577 4206 time
595 4150 755 4207 Alexander
772 4150 878 4205 offered
898 4151 958 4205 him
979 4150 1030 4205 the
1047 4149 1191 4205 condItion
1205 4145 1268 4199 that
1281 4145 1319 4199 he

211 4230 316 4287 should
334 4250 440 4305 goram
460 4234 557 4290 others
575 4236 633 4291 and
653 4236 726 4308 obey
745 4236 913 4292 Alexander.
951 4236 1004 4291 We
1026 4235 1097 4290 have
1119 4232 1226 4303 spoken
1246 4229 1318 4284 else·

213 4315 309 4372 where
322 4318 356 4372 of
367 4318 462 4374 mixed
472 4322 587 4391 empire.
618 4322 654 4375 In
667 4336 746 4377 some
762 4336 848 4387 cases,
861 4338 878 4375 a
891 4326 957 4393 part
971 4321 1004 4376 oi
1015 4320 1064 4375 the
1078 4315 1213 4387 kingdom
1227 4314 1251 4369 is
1265 4312 1319 4369 left

213 4406 247 4457 to
260 4400 312 4457 the
326 4403 509 4475 nequisset,
520 4422 552 4461 as
563 4424 581 4461 a
591 4412 657 4478 part
671 4406 704 4461 of
712 4406 762 4462 the
773 4406 855 4462 landa
868 4412 899 4462 to
914 4407 963 4462 the
977 4405 1025 4461 old
1039 4416 1203 4476 possessore.

266 4487 306 4543 X.
343 4488 422 4545 laren
439 4490 521 4547 when
540 4492 580 4547 all
595 4490 740 4567 authority
753 4491 778 4549 is
790 4491 879 4548 taken
897 4491 970 4548 from
988 4490 1038 4549 the
1053 4484 1234 4559 vanqnished,
1249 4482 1319 4555 ῒῙῑθι
