3225 5125
342 331 386 401 Ἠ
529 343 582 398 DE
605 343 703 398 Juuu
726 340 1022 397 INTERFIOIENDI
1042 340 1191 396 Hostus
1212 340 1257 395 IN
1303 338 1444 408 [lnam.

410 511 432 574 3
466 509 576 594 quue
595 529 687 573 senen
710 528 794 595 aaepe
815 504 930 592 opponi
946 505 1087 571 videmus
1105 503 1289 592 quodlicet,
1312 515 1347 574 ot
1361 508 1446 594 qnod

342 615 475 695 oportet,
493 600 543 674 ‘ut
558 629 578 673 a
593 607 713 673 Seneca
734 606 875 694 petreia
894 604 1112 671 controversiis
1129 626 1193 671 non
1213 605 1320 673 aemel.
1370 610 1446 673 Am-

177 728 307 768 innea
342 708 463 774 mianne
491 707 710 774 Marcellinus:
747 718 823 772 aaut
857 706 977 788 atiquo
1009 729 1081 790 quac
1107 707 1186 789 fien‘
1214 728 1280 772 aon
1311 721 1444 793 oportet,

177 811 472 875 connectamur·
497 809 580 874 ticet.
630 804 749 871 Plinius
773 805 806 870 in
830 804 985 892 epistolia:
1011 817 1228 891 oportetque
1252 817 1329 873 auat
1351 809 1446 874 iatro-

342 920 445 984 neoto,
466 929 530 973 uota
547 908 644 993 quari
662 907 795 982 illicito,
822 907 879 970 aod
894 906 991 986 qoud
1000 907 1161 990 portenda
1175 907 1293 973 ottae-e.
1335 907 1445 974 Cicero

177 1028 254 1078 can-a
342 1006 409 1094 ipae
425 1007 565 1073 oratione
581 1028 639 1093 pro
657 1004 776 1070 Balbo:
793 1017 840 1071 oet
856 1005 942 1069 cuim
958 1006 1089 1089 aliquid
1104 1006 1191 1091 quod
1205 1027 1270 1072 eoa
1286 1015 1443 1093 oporteat,

177 1115 265 1165 ⁰¹⁹³ss
342 1109 473 1174 edumei
490 1109 572 1173 licet.
624 1106 712 1171 idem
736 1125 794 1192 pro
811 1103 930 1169 Milone
944 1106 1009 1189 sae
1025 1125 1091 1171 eaeo
1112 1104 1154 1169 ad
1169 1113 1324 1184 naturam,
1348 1109 1444 1173 licere

178 1212 281 1254 ”til-”L
341 1207 384 1272 ed
412 1207 499 1295 leges
526 1205 634 1272 refert
686 1206 729 1270 Et
752 1203 787 1269 in
812 1202 1034 1269 declamatione
1058 1202 1158 1291 patria
1178 1203 1361 1282 Quintiliani
1384 1214 1443 1284 eat,

341 1305 427 1372 aliud
441 1327 509 1372 eeae
521 1305 596 1392 jura
612 1313 763 1393 spectare,
781 1301 866 1370 aliud
878 1301 1041 1388 justitiam.

416 1407 479 1471 Ill.
516 1405 589 1472 Hoc
604 1425 681 1494 ergo
697 1402 790 1470 modo
806 1402 923 1469 laedere
936 1401 1018 1469 hosti
1035 1403 1156 1469 hostem
1172 1402 1256 1482 licet,
1274 1412 1307 1471 et
1322 1403 1356 1470 in
1372 1426 1444 1492 per·

340 1526 425 1583 aona,
448 1513 482 1571 et
502 1503 536 1570 in
554 1506 658 1583 rehne,
681 1505 715 1570 id
739 1511 881 1582 estnon
905 1501 935 1567 ei
958 1510 1082 1569 tantum
1103 1503 1219 1589 quiex
1239 1504 1327 1593 jueta
1350 1525 1444 1572 mura

339 1605 455 1671 bellum
471 1603 565 1695 gerit,
584 1603 699 1692 quique
715 1602 802 1669 ledit
817 1602 903 1668 intra
918 1623 988 1667 eum
1003 1602 1129 1669 modum
1145 1623 1238 1689 quem
1257 1604 1443 1672 naturaliter

340 1727 516 1771 concessum
532 1703 620 1772 initio
634 1703 727 1792 hujus
742 1702 817 1769 libri
839 1701 985 1779 diximus,
1008 1703 1065 1768 aad
1084 1724 1125 1768 ex
1146 1712 1280 1790 ratumne
1295 1712 1386 1790 parte
1408 1712 1443 1771 ct

339 1801 534 1871 indistincte:
558 1804 604 1870 ita
628 1811 665 1870 ut
689 1825 758 1870 eam
785 1802 826 1868 ob
850 1823 974 1867 caueam
1000 1823 1058 1867 nec
1079 1802 1184 1890 puniri
1208 1803 1305 1891 poerit
1328 1801 1361 1868 in
1379 1803 1441 1869 alio

339 1902 423 1970 forte
446 1902 604 1970 territorio
629 1902 849 1990 deprehensus,
870 1908 1019 1987 tanquam
1041 1901 1197 1968 homicida
1218 1911 1276 1969 ant
1299 1903 1360 1981 fur,
1384 1924 1442 1970 neo

338 2002 453 2069 bellum
481 2002 542 2090 ipsi
567 2002 608 2070 ab
637 2003 698 2069 alio
724 2001 795 2069 talia
823 2000 899 2068 iacti
928 2000 1052 2066 nomine
1079 1999 1198 2066 int'erri
1248 2003 1319 2069 Hoc
1349 2023 1441 2070 aenan

174 2122 313 2255 afflat}
338 2102 423 2266 ‘apud
451 2102 631 2170 Sallustium
654 2103 806 2191 legimns:
833 2102 889 2167 cui
912 2102 1024 2167 omnio
1048 2103 1086 2166 in
1107 2103 1250 2168 oiotorw
1274 2104 1340 2188 layo
1364 2103 1441 2170 tutti

172 2216 270 2254 wate-e·
352 2203 508 2269 tortorum.

410 2303 467 2368 IV.
516 2299 617 2367 Causa
642 2321 697 2365 eur
724 2297 757 2365 id
785 2298 932 2388 gentibue
959 2297 1128 2388 ¹placuerit
1155 2300 1223 2366 hmo
1248 2299 1324 2368 tuit:
1354 2299 1440 2388 quod

336 2398 419 2466 inter
435 2399 513 2464 duce
529 2398 660 2486 populos
677 2397 716 2464 de
733 2397 806 2484 jure
823 2398 896 2464 belli
918 2398 1123 2487 pronuntiare
1139 2400 1219 2466 velle
1235 2399 1439 2488 periculorum

381 2577 392 2615 ¹
406 2578 439 2627 Ut
448 2592 465 2625 a
475 2578 564 2626 Seneca
570 2576 654 2638 petre]
671 2576 740 2624 inter
748 2576 796 2623 alia
804 2589 863 2622 con·
912 2577 984 2625 etiam
1000 2591 1049 2625 non
1066 2580 1166 2639 rolenni,
1182 2580 1270 2628 ment
1299 2580 1363 2629 Fnae
1376 2580 1440 2627 dixi-

336 2654 577 2702 trovareiarnrnlibro
587 2654 674 2701 mit.
912 2650 1179 2699 mnainNotlanoatria
1190 2654 1295 2703 Gallioia.
1323 2653 1393 2701 Mi.

381 2728 388 2759 ¹
404 2728 461 2777 Non
477 2744 538 2791 apua
554 2734 591 2777 eat
607 2728 660 2776 heio
677 2726 727 2774 nllo
744 2740 863 2775 conuentu
958 2727 970 2756 ¹
983 2726 1039 2773 Non
1051 2729 1082 2773 ad
1096 2728 1219 2787 Senatum,
1231 2730 1274 2777 aed
1286 2730 1317 2776 ad
1329 2730 1439 2791 Appiam

334 2802 497 2864 Populorum:
515 2804 557 2851 aed
573 2818 604 2851 ex
617 2803 671 2863 ipro
684 2800 747 2849 Jnre
762 2802 863 2849 Nature
913 2801 1040 2862 Legatum,
1054 2802 1080 2847 in
1094 2802 1202 2848 Concilio
1212 2804 1363 2851 Achaeorum.
1394 2804 1439 2849 ln·

337 2878 443 2926 rationce
451 2880 673 2940 petipoeaunt‚ane
681 2877 778 2924 inomni
786 2878 863 2936 Bello,
912 2876 977 2936 epioe
991 2874 1079 2931 iocum,
1094 2888 1110 2919 a
1120 2889 1159 2920 ma
1170 2875 1283 2924 dictincta
1296 2877 1438 2927 indicatum.

388 3133 405 3184 3
435 3126 501 3182 And
514 3128 545 3181 in
559 3126 615 3185 thie
635 3144 715 3185 aeneo
730 3127 805 3183 what
823 3127 848 3181 ia
866 3124 962 3180 lewinl
985 3126 1009 3181 ie
1030 3124 1109 3180 oiten
1129 3120 1254 3195 opposed
1274 3126 1305 3177 to
1319 3120 1395 3177 what
1413 3122 1436 3178 ia

332 3212 409 3287 right
441 3212 576 3287 (oportet),
602 3232 633 3269 ae
667 3216 697 3268 in
725 3214 834 3269 Seneca
853 3211 1025 3285 repeatedly.
1073 3212 1112 3266 So
1144 3208 1318 3273 Ammianna,
1343 3208 1436 3279 Pliny,

333 3300 440 3357 (licere.
478 3300 543 3356 And
570 3300 668 3356 cicero
691 3316 810 3371 oppoeee
823 3302 878 3369 soa
897 3316 956 3362 erae,
978 3297 1054 3352 what
1076 3298 1101 3352 ie
1120 3295 1197 3367 right
1216 3294 1255 3367 by
1272 3300 1383 3360 nature,
1404 3300 1435 3350 to

332 3386 417 3452 licere,
435 3386 526 3441 which
540 3386 564 3439 ia
579 3384 695 3441 allowed
710 3385 749 3457 by
762 3386 823 3439 law.
868 3383 932 3437 And
949 3382 1104 3446 Quintilian
1118 3398 1238 3452 oppoaee
1246 3381 1324 3455 jara,
1338 3380 1435 3435 tertul

331 3472 355 3527 ri
375 3472 429 3537 hta,
443 3478 474 3527 to
484 3472 595 3541 justice.

356 3489 438 3611 g111.
466 3556 501 3609 In
512 3554 569 3610 thia
581 3554 666 3608 latter
677 3568 766 3617 aenae,
780 3553 804 3606 it
816 3552 839 3605 ie
850 3550 944 3605 lawinl
953 3555 984 3606 to
994 3550 1077 3605 herm
1088 3568 1125 3606 an
1137 3568 1239 3625 enemy
1247 3552 1318 3609 both
1329 3552 1359 3606 in
1369 3566 1432 3624 per·

330 3656 382 3696 aon
397 3640 453 3694 and
467 3640 497 3693 in
511 3644 660 3711 property;
682 3638 738 3691 and
752 3636 818 3702 thia,
832 3642 883 3691 not
897 3637 964 3709 only
979 3636 1024 3692 for
1037 3637 1097 3691 him
1107 3638 1171 3693 who
1183 3638 1207 3695 ie
1218 3640 1333 3710 making
1346 3640 1434 3709 aJnet

330 3742 388 3780 war
399 3724 455 3779 and
468 3725 529 3778 who
541 3722 635 3779 harma
647 3724 697 3779 the
707 3740 809 3795 enemy
820 3724 851 3778 in
861 3723 911 3779 the
923 3740 984 3796 way
995 3722 1086 3778 which
1100 3725 1123 3779 ie
1136 3724 1253 3780 allowed
1264 3724 1302 3797 by
1312 3724 1434 3779 Natural

329 3812 404 3875 Law,
412 3826 443 3865 aa
454 3826 495 3865 we
509 3810 581 3865 have
592 3810 755 3883 explained;
770 3810 823 3866 bnt
834 3826 871 3865 ou
882 3809 952 3865 both
964 3810 1046 3876 eldea,
1057 3810 1114 3865 and
1125 3810 1243 3866 without
1254 3810 1432 3866 distinction:

329 3913 361 3953 eo
375 3895 438 3951 that
452 3896 489 3951 he
504 3902 608 3952 cannot
625 3897 671 3952 ior
690 3897 745 3953 thie
760 3914 860 3953 roaeon
883 3896 921 3952 he
941 3895 1088 3969 puniahcd,
1105 3897 1132 3951 ii
1147 3897 1252 3969 caught
1268 3897 1299 3951 in
1313 3896 1434 3952 another

329 3982 470 4055 territory,
484 4000 515 4039 aa
530 4000 548 4038 a
565 3982 706 4039 homicide
719 4000 753 4039 or
766 4001 785 4038 a
797 3983 878 4048 thies,
892 4000 946 4038 nor
959 3999 1012 4039 can
1026 4000 1083 4037 war
1101 3982 1139 4039 be
1159 3984 1241 4038 made
1258 3999 1298 4038 on
1316 3982 1375 4036 him
1394 3999 1433 4037 on

328 4068 378 4125 the
396 4069 507 4142 gronam
521 4069 555 4125 oi
565 4070 635 4125 anch
648 4088 686 4125 an
699 4075 754 4126 act.
801 4070 841 4126 So
865 4069 970 4125 Salluet
989 4086 1061 4142 raye,
1074 4068 1125 4125 Ati
1144 4070 1219 4142 baino
1234 4068 1333 4141 lowsirl
1347 4078 1374 4125 to
1391 4070 1433 4125 tto

327 4156 412 4212 victor
426 4158 459 4229 by
473 4157 514 4212 the
528 4156 595 4211 lawa
606 4158 642 4231 os
649 4174 718 4213 wau.

383 4243 433 4299 IV.
478 4242 539 4299 The
563 4258 663 4298 reason
683 4242 717 4297 oi
728 4241 783 4297 thia
800 4242 863 4297 rule
886 4258 989 4313 among
1010 4241 1121 4297 natione
1140 4258 1196 4297 waa
1214 4240 1286 4297 thia:
1305 4238 1369 4297 that
1386 4240 1433 4297 for

327 4328 410 4384 other
423 4331 534 4385 natione
549 4336 579 4384 to
594 4328 664 4384 offer
677 4334 708 4384 to
722 4343 884 4399 pronounoe
896 4344 933 4382 on
949 4328 998 4383 tho
1012 4327 1089 4399 right
1108 4326 1140 4382 oi
1157 4344 1215 4382 war
1233 4327 1363 4383 between
1376 4334 1432 4383 two

327 4415 451 4486 peoplee,
462 4416 555 4471 would
567 4415 604 4470 be
619 4415 776 4486 dangeroua
788 4412 925 4469 forthere
937 4413 1000 4469 who
1015 4413 1178 4478 interfered,
1195 4413 1252 4468 and
1266 4414 1329 4469 who
1341 4413 1432 4485 might

326 4498 392 4555 thus
406 4500 442 4556 be
457 4502 585 4558 inrolred
600 4502 629 4555 in
644 4519 663 4556 a
676 4517 733 4555 war
746 4498 898 4571 belonging
911 4505 942 4555 to
957 4500 1051 4555 othere
1059 4520 1067 4567 ς
1085 4516 1115 4555 aa
1128 4500 1177 4555 the
1191 4500 1348 4556 Maeeiliana
1362 4499 1431 4575 aaid,
