3225 5125
345 365 407 426 114
514 373 566 426 DE
588 372 686 426 JURE
709 370 954 434 scemenum
976 371 1100 426 BELLO
1123 370 1255 426 CAPTA.
1301 369 1376 438 [Lm.
1391 371 1447 425 111.

342 549 448 607 tamen
464 537 574 603 validis
588 537 621 601 in
639 536 827 602 eontrarium
844 535 1077 622 probationibus
1096 533 1194 622 possit
1209 533 1293 600 elidi.
1336 536 1447 621 Atque

343 638 388 703 ita
407 637 439 701 in
463 636 630 701 Hollandia
649 644 756 700 nostra
777 635 843 720 jam
864 634 947 710 olim,
969 655 1050 700 anno
1071 633 1187 699 soilioet
1203 634 1447 700 oIooooxxxm

343 737 498 824 flagrante
518 758 586 800 eum
608 734 772 800 Ansiatiois
788 733 879 813 bello,
903 732 1059 820 frequenti
1080 741 1192 798 senatu
1206 731 1388 819 judioatum,
1413 741 1447 799 et

344 858 384 901 ex
397 834 535 921 judicato
552 835 584 897 in
601 833 702 921 legem
718 832 875 898 transiisse
892 831 1036 918 comperi.

418 933 494 1000 VII.
538 934 558 997 l
593 932 674 997 Illud
696 953 771 997 vero
794 940 886 997 extra
907 929 1148 996 oontmversiam
1170 937 1228 1005 est,
1250 928 1348 1016 sijus
1368 951 1447 1019 gen-

343 1030 421 1097 tium
446 1030 635 1117 respicimus,
663 1052 733 1116 qum
756 1030 896 1095 hostibus
917 1051 975 1116 per
999 1051 1056 1094 nos
1078 1038 1189 1115 erepta
1211 1037 1292 1105 sunt,
1319 1051 1358 1094 ea
1381 1050 1446 1094 non

343 1152 433 1217 posse
457 1129 607 1196 vindicari
626 1129 667 1195 ab
684 1129 733 1194 his
755 1129 898 1215 quiante
919 1129 1024 1193 hostes
1045 1137 1168 1194 nostros
1187 1149 1227 1193 ea
1242 1127 1447 1213 pomederant

344 1238 377 1295 et
399 1229 480 1295 bello
503 1229 688 1294 amiserant:
715 1227 788 1314 quia
805 1227 859 1314 jus
876 1227 1015 1316 gentium
1032 1228 1136 1293 hostes
1154 1226 1289 1313 primum
1306 1225 1446 1291 dominos

343 1327 418 1394 feeit
438 1327 573 1393 dominio
595 1336 737 1402 externo,
760 1327 873 1393 deinde
891 1348 967 1392 nos:
987 1349 1049 1412 quo
1066 1326 1139 1413 jura
1160 1323 1321 1391 interulis
1338 1332 1446 1391 tuetur

344 1449 378 1492 se
395 1429 417 1492 J
418 1428 550 1513 ephthes
563 1435 672 1491 eontra
687 1425 887 1506 Ammonitas,
905 1425 979 1510 quia
994 1446 1072 1512 ager
1082 1424 1135 1489 ille
1151 1445 1244 1510 quem
1259 1422 1447 1489 Ammonius

217 1501 240 1544 ⁹⁷
344 1526 541 1591 vindicabant
558 1525 630 1591 belli
636 1524 709 1611 jure
726 1526 767 1590 ab
781 1524 979 1599 Ammonitis,
997 1532 1033 1590 nt
1049 1533 1082 1590 et
1096 1530 1169 1610 pars
1185 1523 1248 1588 alia
1264 1543 1284 1588 a
1300 1521 1448 1587 Moabitis

344 1624 385 1689 ad
416 1626 585 1701 Amoraeos,
611 1625 651 1688 ab
681 1624 833 1688 Amoraeis
861 1623 902 1687 ad
930 1622 1083 1689 Hebraeos
1104 1621 1283 1688 transiisset
1323 1612 1389 1685 ¹Sio
1414 1628 1448 1687 et

344 1723 450 1789 David
468 1724 551 1810 quod
563 1723 630 1810 ipse
647 1721 834 1797 Amaleoitis,
854 1721 1033 1787 Amaleeitae
1048 1730 1142 1788 antea
1154 1718 1326 1787 Palestinis
1342 1719 1447 1806 eripu-

345 1831 445 1899 erant,
461 1843 519 1909 pro
536 1844 591 1886 suo
606 1822 701 1886 habet
715 1841 753 1886 ao
768 1820 887 1886 dividit

419 1923 440 1985 2
474 1920 563 1986 Titus
591 1919 726 2008 Largius
752 1921 835 2006 apud
864 1919 1052 2008 Dionysium
1080 1919 1387 1986 nolimus-semem
1412 1917 1446 1984 in

345 2029 455 2085 senatu
477 2022 619 2085 Romano
633 2013 722 2084 loum
739 2017 844 2084 Volsci
863 2019 935 2083 olim
956 2039 1096 2105 possessa
1111 2025 1301 2104 repeterent,
1322 2025 1447 2082 senten-

344 2119 420 2183 tiam
438 2118 481 2184 sic
497 2119 595 2184 dixit:
619 2115 674 2186 ὅτι
694 2113 850 2194 Ῥωμαῖοι
867 2121 1050 2190 καλλίστας
1069 2113 1350 2200 ὑπολαμβάνομεν
1366 2113 1447 2196 κτή-

346 2245 413 2287 σεις
430 2220 510 2284 εἶναι
529 2217 580 2284 καὶ
598 2209 817 2293 δικαιοτάτας,
835 2209 871 2288 ἃς
888 2214 1112 2311 κατάσχωμεν
1126 2212 1262 2304 πολέμῳ
1276 2209 1446 2300 tolidem

344 2315 398 2381 rai
423 2312 514 2404 νόμῳ,
541 2315 592 2381 καὶ
615 2311 670 2382 oris
690 2308 729 2380 riv
755 2309 981 2398 ὑπομείναιμεν
1002 2316 1108 2410 μωρίᾳ
1131 2312 1192 2396 τὴν
1211 2311 1337 2407 ἀρετήν
1357 2309 1445 2408 α’φα·

345 2415 439 2489 νῖσαι,
462 2405 666 2504 παραδόντος
683 2407 787 2483 αὐτας
806 2414 876 2484 τοῖς
897 2411 1142 2484 ἀπολωλεκόσι·
1177 2408 1386 2493 κοινωνητέον
1403 2441 1445 2480 τε

344 2515 428 2582 πᾶσι
447 2512 500 2581 καὶ
517 2513 587 2585 τοῖς
604 2508 641 2580 ἐκ
658 2506 788 2580 τούτων
801 2511 985 2602 ’γενομένοις
996 2517 1196 2584 καταλιπεῖν
1208 2509 1445 2604 ἀγωνιούμεθα·

344 2616 396 2679 νῦν
421 2604 455 2677 δὲ
477 2605 698 2703 ὑπαρχόντων
724 2604 782 2691 ἤδη
804 2611 1045 2703 στερησόμεθα,
1070 2613 1124 2681 καὶ
1144 2609 1277 2685 &auroris
1299 2608 1363 2681 ὅσα
1385 2641 1447 2680 πο-

342 2712 473 2787 λεμίους
497 2708 694 2801 βλάψομεν.
750 2714 896 2777 Romani
919 2734 977 2778 uos
1002 2710 1244 2779 honestissimas
1267 2734 1324 2777 eas
1345 2724 1447 2798 atque

335 2811 539 2893 justissimae
570 2813 731 2877 oredimus
756 2814 979 2895 possessiones,
1012 2835 1096 2897 qaas
1125 2814 1202 2878 belli
1233 2814 1299 2896 lege
1328 2823 1447 2896 captae

342 2910 517 2974 habemus:
539 2930 639 2995 oeque
665 2932 739 2976 uero
763 2911 878 2974 induri
898 2932 1072 2995 possumus
1094 2924 1130 2977 ut
1154 2912 1258 2978 stulto
1272 2911 1448 2995 facilitate

342 3008 505 3073 deleamus
526 3010 664 3074 virtutis
680 3020 896 3091 monumento,
918 3012 950 3075 α’
965 3032 1023 3074 eae
1038 3010 1109 3076 illu
1130 3012 1309 3077 reddemus
1328 3010 1447 3094 quibus

342 3178 457 3226 merdam
468 3178 598 3225 commissis
608 3192 659 3239 oup.
667 3181 689 3237 2,
700 3178 809 3241 §timer
818 3179 870 3239 ejus
919 3178 1018 3225 retleam
1029 3192 1058 3227 11.
1068 3180 1188 3240 Begavl.
1199 3180 1222 3230 6.
1250 3180 1446 3242 [eedlsetioilu

342 3254 869 3315 ομινιοιιΙοοιιοιο.8ονΒγιιΙιοτοΙιοοΙι,Μ’Ι
919 3255 1005 3302 vitiosa
1019 3261 1063 3303 ast
1092 3257 1155 3304 Vide
1169 3256 1203 3303 ibl
1219 3256 1318 3306 chria.
1333 3258 1446 3305 Cnmos

338 3330 416 3393 ¹Publ.
427 3330 443 3374 i.
456 3332 493 3375 14.
523 3328 550 3376 J.
561 3328 604 3388 B.]
920 3331 1017 3379 Natam
1046 3332 1075 3379 J.
1084 3332 1129 3393 3.]

387 3404 395 3438 ¹
409 3405 451 3451 Sir
461 3408 483 3449 et
491 3404 589 3461 Dauid]
605 3404 644 3450 Sio
654 3403 730 3449 Rasin
740 3416 783 3449 rax
794 3401 869 3464 syris
964 3404 977 3439 k
993 3405 1052 3453 (Ῑιιιι
1063 3406 1152 3467 Volsci]
1167 3406 1281 3457 novem
1289 3408 1354 3455 idem
1362 3408 1388 3454 in
1395 3408 1448 3454 Βο·

342 3478 454 3525 Elotham
466 3478 557 3534 urbem,
574 3490 627 3536 qnae
637 3478 799 3524 ldnmoeornm
814 3478 868 3524 fue·
919 3481 986 3528 mulo
999 3486 1081 3528 narrat
1093 3482 1250 3529 Plutarchus:
1265 3480 1351 3538 Οὑιὶῖοι
1365 3481 1448 3542 ἀρχὴν

342 3556 390 3610 rat,
399 3564 447 3596 non
458 3551 571 3597 idumeis
581 3550 623 3597 sed
634 3552 698 3611 tyris
712 3552 811 3597 tradidit
824 3553 868 3598 ha·
920 3550 1073 3607 ὲποιιὶσαντο
1083 3550 1196 3613 πολέμου
1207 3551 1311 3613 φιοιίνακ
1324 3552 1447 3599 ἀπαιτεῖν

341 3626 474 3681 bitandam,
492 3625 622 3673 seeundum
637 3626 765 3673 lectionem
787 3628 868 3674 Maso·
920 3626 952 3675 ro's
961 3626 1139 3686 προσήκουσαν
1148 3628 1243 3675 αὐτοῖς.
1260 3627 1294 3673 τὸ
1307 3626 1327 3673 δ’
1338 3628 1382 3673 οὑκ
1391 3625 1446 3673 ἅδι-

340 3870 447 3944 judged
467 3872 497 3925 in
515 3871 568 3927 full
589 3880 686 3929 senate
709 3873 748 3948 by
767 3892 819 3932 our
843 3876 1013 3933 Hollandars
1030 3876 1062 3932 in
1079 3881 1159 3942 1333,
1172 3873 1254 3931 when
1273 3890 1292 3931 a
1312 3890 1371 3929 war
1387 3890 1445 3932 was

343 3957 442 4028 raging
456 3956 524 4012 with
535 3957 585 4013 the
597 3959 693 4016 Hense
707 3968 811 4029 tonum
829 3964 885 4017 and
898 3964 947 4019 the
957 3964 1107 4035 judgment
1123 3962 1174 4017 has
1185 3960 1303 4017 become
1314 3961 1377 4016 lav.

395 4043 460 4097 VII.
497 4050 511 4097 1
536 4044 593 4098 But
608 4046 663 4101 this
675 4048 699 4100 is
715 4038 829 4121 beyond
840 4057 1027 4121 ooutroversy,
1040 4049 1066 4102 if
1077 4064 1119 4104 ve
1136 4047 1202 4102 look
1217 4054 1247 4101 at
1261 4044 1311 4102 the
1322 4046 1403 4101 haus
1414 4044 1450 4100 of

343 4130 472 4193 Nationes,
483 4128 546 4183 that
557 4129 637 4185 those
651 4132 743 4203 things
760 4133 849 4188 ubiob
865 4152 906 4190 we
917 4136 984 4190 take
996 4134 1072 4189 from
1084 4150 1136 4189 our
1149 4134 1273 4189 enemies
1290 4137 1395 4187 cannot
1408 4131 1445 4187 be

344 4214 493 4271 roolsimed
503 4215 539 4286 by
549 4214 629 4270 those
639 4216 700 4271 who
707 4220 853 4289 possessed
859 4220 938 4276 them
950 4221 1047 4276 before
1055 4220 1105 4276 the
1117 4236 1228 4291 enemy,
1238 4218 1295 4273 and
1303 4218 1358 4272 lost
1365 4217 1446 4272 them

344 4302 374 4355 in
386 4300 600 4365 warsbeoause
622 4302 671 4357 the
693 4303 745 4357 law
762 4306 796 4359 of
814 4308 925 4361 nations
942 4307 1004 4362 first
1021 4306 1105 4362 made
1126 4306 1206 4360 them
1223 4320 1331 4359 ownera
1349 4304 1447 4375 prima

335 4388 420 4459 faeie,
432 4388 488 4441 and
499 4386 568 4443 then
577 4404 618 4442 us.
650 4388 714 4442 And
723 4407 760 4444 on
771 4390 828 4445 this
839 4380 958 4461 ground,
966 4408 1069 4463 among
1080 4392 1184 4455 others,
1192 4392 1212 4446 J
1213 4390 1319 4461 ephtha
1327 4388 1445 4444 defends

343 4472 459 4527 himself
471 4474 579 4545 against
592 4472 640 4529 the
659 4474 841 4540 Ammonitas,
857 4478 976 4533 became
993 4478 1043 4532 the
1057 4478 1124 4532 land
1137 4476 1228 4531 which
1245 4476 1295 4531 the
1310 4474 1447 4530 Ammon·

343 4556 396 4611 ites
408 4558 527 4613 claimed
539 4559 596 4615 had
607 4561 706 4632 passed
719 4562 756 4633 by
765 4555 814 4618 the
826 4563 878 4617 law
889 4564 923 4619 of
929 4580 986 4618 war
996 4564 1071 4617 from
1082 4564 1132 4618 the
1144 4562 1329 4626 Ammonitas,
1340 4578 1371 4615 as
1386 4559 1447 4615 also
