3225 5125
154 367 222 426 Gar.
235 364 305 440 ΠΙ.]
411 367 600 437 annulum,
620 371 690 427 UBI
711 371 762 426 DE
785 371 1026 428 Inmemores.
1219 361 1259 423 63

155 550 222 596 aem
240 527 357 594 dietam
379 549 447 593 esse
471 527 704 618 clarigationem
724 529 814 596 testis
832 539 881 595 est
896 529 1044 594 latinius.
1098 530 1257 596 conditio-

155 637 229 694 nata
245 637 294 694 est
314 626 508 694 denuntiatio
528 628 613 714 apud
638 628 778 694 Livium:
804 652 876 694 eam
891 653 926 696 ae
941 631 1111 714 injuriam,
1129 632 1197 696 otei
1214 633 1258 697 ab
1270 652 1407 694 mamea

155 730 237 815 ipsis
260 729 321 813 pai
331 729 477 812 sacerdot
496 729 655 804 dematur,
682 731 770 814 ipeoe
797 731 887 794 omui
906 730 942 795 oi
964 730 1155 814 ἀεριιίευνοε
1181 753 1256 807 esse,

156 836 188 892 et
202 826 290 913 apud
308 825 461 906 Tacitum,
481 829 519 891 ai
539 828 738 913 suppliciam
761 830 798 892 e'n
822 829 927 895 melca
942 841 1159 914 presumant,
1179 853 1256 896 sesa
1270 847 1401 888 naseas

156 949 228 992 rum
244 928 438 1012 prommcuc
463 928 570 992 cam:
596 935 629 992 et
653 935 743 992 vetus
762 927 829 1012 ejus
848 926 1022 1013 exemplum
1046 906 1288 1014 Suppliciter*

155 1024 324 1112 Euripidis,
341 1024 396 1090 ubi
413 1025 553 1090 Theseus
574 1024 771 1090 eaduceatori
792 1026 862 1091 hoec
884 1025 942 1092 dat
960 1025 1108 1092 mandata
1122 1027 1165 1092 ad
1182 1029 1258 1095 Gre-

155 1134 259 1192 ontem
276 1123 461 1190 Thebanum
479 1126 574 1208 (vers.
592 1127 670 1203 383,
688 1133 721 1190 et
737 1126 858 1210 seqq.):
952 1141 955 1148 ·

371 1241 383 1271 ²
386 1244 486 1298 Vicina
497 1243 622 1300 Theseus
636 1245 685 1315 qni
699 1250 779 1300 tenet
792 1246 872 1315 regni
887 1246 954 1310 sola,

372 1330 499 1385 Humare
515 1331 606 1400 poscit
619 1335 762 1386 mortuos:
787 1331 901 1401 quodsi
916 1332 1008 1397 datur,

373 1416 418 1470 Sit
431 1417 529 1480 amics,
543 1416 629 1471 faciet
643 1433 711 1488 gens
725 1417 909 1472 Erechtidum
923 1418 984 1473 tibi.

371 1501 440 1556 Haec
454 1502 477 1556 si
492 1501 656 1574 probantur,
671 1509 732 1557 tum
746 1503 822 1558 refer
836 1509 912 1558 retro
926 1503 1043 1574 pedem:

374 1587 425 1641 Sin
438 1603 523 1642 nemo
536 1594 626 1658 paret,
640 1588 726 1642 verba
740 1589 797 1644 sint
810 1589 871 1644 haec
885 1589 990 1644 altera:

372 1673 438 1728 Jam
452 1689 517 1728 mox
532 1679 564 1728 ut
579 1690 657 1728 arma
670 1673 752 1746 pubis
767 1681 917 1746 expectent
931 1692 1010 1730 meae.

156 1770 303 1859 Papinius
319 1769 352 1838 in
369 1771 506 1859 ejusdem
523 1770 571 1838 rei
587 1771 765 1838 narratione
783 1775 966 1859 (Thebaid.
986 1796 1046 1844 xrs.
1066 1778 1166 1861 598):

373 1891 432 1947 Aut
444 1891 551 1948 Danais
565 1891 645 1948 adice
658 1908 749 1963 rogos,
764 1899 815 1947 aut
829 1892 925 1964 praelia
939 1892 1052 1949 Thebis.

157 1988 309 2079 Polybius
333 1989 393 2056 hoc
421 1997 513 2057 vocat
541 1985 639 2082 ῥύσια
668 1987 940 2080 καταγγέλλειν,
969 1991 1104 2056 Romani
1135 1999 1258 2057 veteres

156 2091 349 2156 ‘emedicere
396 2090 482 2155 Pura
498 2089 691 2156 denuntiatio
716 2101 763 2156 est
781 2111 852 2175 qua
869 2089 1045 2175 specialiter
1061 2089 1187 2156 indictio
1203 2100 1259 2157 aut

156 2189 300 2265 edictum,
326 2187 380 2254 ubi
406 2196 462 2254 aut
488 2188 602 2253 bellum
624 2189 691 2275 jam
717 2189 800 2256 alter
818 2187 925 2256 intth
950 2192 995 2274 (ct
1019 2189 1079 2254 hoc
1102 2190 1259 2276 estquod

155 2287 239 2373 apud
255 2287 410 2352 Isidorum
427 2286 539 2354 dicitur
557 2286 671 2354 bellum
688 2286 968 2375 propulsandorum
981 2287 1140 2355 hominum
1153 2290 1258 2374 causa)
1274 2317 1421 2369 cauma

155 2389 228 2452 'aut
244 2408 283 2451 ea
299 2385 430 2473 deliquit
446 2385 513 2474 ipse
529 2407 599 2474 qua
616 2407 740 2475 poenam
756 2396 878 2453 merent
917 2437 925 2453 .

154 2549 269 2611 (reraffl.
281 2548 424 2597 trualt
433 2549 487 2597 Lib.
495 2547 534 2609 x.)
732 2550 781 2609 dis;
796 2550 1257 2601 minimeautemindenuntiandobel-

197 2634 207 2661 Ι
226 2625 310 2672 Variae
319 2626 418 2673 raam
425 2626 467 2686 qui
477 2630 536 2673 tenet
544 2626 612 2687 repat
618 2624 681 2687 sola]
731 2626 763 2672 lo.
791 2626 838 2673 Sed
848 2627 894 2673 hoc
903 2627 991 2673 mhum
1002 2642 1061 2684 esse,
1071 2628 1219 2675 ostendimus
1228 2629 1255 2674 in

156 2701 242 2747 Similis
252 2701 403 2747 denuntiatio
416 2707 453 2748 est
468 2702 492 2747 in
507 2702 682 2763 Batractomy·
732 2699 798 2745 Nota
816 2705 900 2747 nostra
920 2700 1016 2749 Gallica
1034 2702 1066 2747 ad
1086 2702 1150 2749 hane
1169 2702 1257 2749 locum.

155 2777 272 2832 media,
283 2776 358 2836 (vers.
371 2778 422 2834 135,
432 2782 454 2823 st
463 2774 543 2838 seqq.)
554 2782 580 2823 at
589 2777 614 2823 in
624 2776 682 2822 Am·
731 2774 873 2835 Postquam
883 2776 996 2837 scriptam
1007 2776 1056 2823 lati
1066 2776 1205 2823 videbamus
1215 2792 1259 2821 no·

153 2851 280 2911 pteram
296 2850 378 2897 Plauti
393 2850 470 2898 initlo.
500 2852 569 2910 (Act.
579 2864 597 2899 1.
614 2850 679 2899 Sei.
731 2849 823 2896 bissum
832 2850 960 2897 fadentsm
967 2851 1053 2898 Virum
1064 2852 1258 2910 eruditissimum,

157 2926 271 2983 matt.)
297 2924 362 2972 Vide
372 2930 397 2973 t
405 2926 555 2983 Crumerum,
564 2924 683 2975 Lib.xxr.
732 2923 858 2970 Joanm
868 2925 997 2984 Jaasrmr,
1009 2926 1034 2971 in
1045 2926 1219 2973 Dissertatione
1229 2927 1259 2973 ds

200 2997 212 3027 ⁴
226 3000 281 3045 Hoc
290 3000 358 3061 loaye
367 3000 681 3061 amalimiuimanopi·
731 2997 867 3045 Fecialitue
877 3000 968 3059 Populi
977 3000 1088 3057 Rumori,
1104 3016 1158 3061 cap.
1168 3002 1191 3049 6.
1205 3016 1260 3061 qna

157 3073 260 3120 nabetur
272 3075 300 3121 V.
307 3073 336 3121 c.
344 3072 403 3121 διο.
413 3074 614 3132 (leonensem
623 3075 681 3123 Not.
731 3088 788 3135 pars
805 3080 843 3121 est
862 3074 961 3122 Ferenti
979 3076 1092 3133 literarii,
1112 3091 1175 3123 anno
1191 3079 1259 3125 1717.

156 3147 251 3193 adLir.
263 3160 282 3193 1.
292 3149 515 3209 summaeripae
525 3150 618 3195 ratione
628 3150 681 3195 nix·
732 3150 859 3209 propositi.
889 3150 918 3196 J.
930 3152 964 3195 B.

157 3234 195 3277 aa,
216 3222 282 3280 qaod
301 3222 378 3269 Patris
398 3223 492 3270 Patrati
512 3224 590 3270 omnis
609 3238 683 3283 opera
776 3224 850 3269 *Δια
864 3238 895 3269 sa
912 3222 1011 3282 deliquit
1028 3223 1079 3283 ipae
1096 3239 1150 3284 qua
1164 3240 1259 3284 mm

158 3310 266 3357 namque
276 3297 421 3345 mlnmmodo
430 3298 683 3358 meritmjarejuran-
732 3295 862 3356 manner]
878 3296 1023 3357 Emmplum
1037 3298 1091 3345 ride
1104 3300 1171 3359 apud
1186 3300 1259 3347 Bem-

159 3371 193 3417 do
201 3372 319 3431 patrando
329 3376 353 3420 et
362 3372 459 3420 ioedsris
473 3372 568 3433 legibus
577 3372 681 3419 recitem
732 3372 789 3418 bum
799 3372 862 3418 libro
873 3384 921 3419 rm.

158 3585 281 3641 formula
302 3586 446 3660 requiring
470 3587 533 3643 that
556 3588 606 3643 the
628 3588 723 3659 things
747 3589 784 3644 be
809 3590 933 3653 restored,
955 3587 1080 3661 aetitfied,
1103 3585 1182 3658 piosa
1201 3604 1257 3659 op.-

159 3672 252 3728 where
277 3673 355 3743 picea
379 3690 426 3745 ap,
449 3690 480 3729 as
501 3690 542 3729 we
566 3672 637 3729 hare
661 3674 813 3730 elsewhere
834 3673 990 3745 explained,
1008 3674 1032 3727 is
1052 3679 1084 3728 to
1102 3672 1138 3727 be
1155 3674 1260 3727 under-

158 3759 240 3813 stood
262 3758 326 3813 that
345 3758 395 3813 the
416 3775 532 3831 persons
551 3758 717 3815 summoned
735 3777 800 3831 may
817 3760 854 3815 be
872 3758 990 3814 allowed
1009 3764 1040 3813 to
1058 3758 1154 3830 prefer
1167 3759 1260 3814 them·

159 3844 247 3899 selvas
262 3843 414 3915 puniahing
427 3844 476 3899 the
490 3844 581 3917 guilty
593 3860 705 3917 person.
743 3846 812 3900 This
824 3845 946 3900 demand
961 3860 1017 3898 was
1032 3844 1122 3898 called
1139 3845 1260 3916 clarica-

161 3930 224 3993 liora,
243 3946 274 3984 as
289 3929 373 4000 Pliny
387 3930 510 3985 testifies.
554 3932 608 3986 We
625 3931 696 3986 hare
710 3932 740 3984 in
753 3931 825 4001 Livy
839 3948 858 3985 a
878 3930 1051 3985 conditional
1069 3930 1258 3985 declarations

161 4014 224 4069 that
237 4016 289 4069 llis
302 4014 405 4087 injur-y,
419 4025 507 4087 eeeept
527 4016 549 4071 it
566 4034 634 4071 were
654 4018 785 4071 remedied
805 4018 838 4088 by
853 4018 923 4071 those
936 4018 994 4070 soleo
1008 4016 1065 4070 lad
1078 4016 1144 4070 done
1157 4017 1189 4081 it,
1202 4018 1261 4086 step

162 4100 306 4155 amedee
320 4102 410 4155 would
423 4102 512 4175 repsi.-
534 4102 590 4156 and
605 4103 635 4156 in
650 4103 772 4166 Tacitus,
785 4111 874 4173 except
888 4104 947 4173 they
960 4110 1036 4156 acuet
1045 4103 1219 4172 metm
1230 4103 1268 4169 ⁰f

162 4186 202 4239 tte
226 4186 362 4256 offendes,
384 4188 415 4241 le
436 4188 528 4242 would
548 4187 625 4242 mulce
644 4206 663 4241 a
682 4189 868 4259 promiseseoas
889 4188 1032 4258 alauytter.
1071 4188 1135 4241 aad
1159 4188 1189 4239 in
1211 4184 1262 4238 the

161 4286 237 4326 nme
257 4288 320 4343 way
340 4272 370 4326 in
386 4270 437 4327 the
455 4272 594 4345 Supplices
613 4273 646 4327 oi
661 4273 810 4345 Euripides
820 4294 828 4339 ;
846 4274 904 4328 and
925 4274 1033 4328 Statius
1052 4273 1083 4325 in
1099 4272 1142 4325 his
1163 4286 1260 4322 narra

162 4356 221 4411 tion
236 4357 270 4411 of
279 4358 330 4412 the
344 4374 421 4413 sams
435 4366 540 4413 matter
553 4360 584 4413 in
597 4358 647 4414 the
663 4360 781 4414 Thebais.
827 4360 962 4433 Polybius
977 4359 1045 4414 calls
1058 4356 1116 4412 this
1133 4355 1262 4408 demend-

162 4442 208 4513 tuq
220 4444 405 4517 satisfactione
429 4442 479 4499 the
494 4444 541 4499 old
555 4446 689 4511 Romans,
702 4446 845 4502 medices-e.

214 4526 324 4600 Apure
340 4528 549 4588 declarationis
564 4530 638 4587 what
650 4532 673 4587 ie
688 4531 839 4605 especially
853 4530 945 4593 called
958 4527 1078 4586 indata.
