3225 5125
183 382 253 438 (isc.
267 378 390 448 xxm]
565 381 616 435 DE
638 381 729 435 FIDE
752 379 901 436 TACITA.
1222 373 1286 435 403

181 543 254 612 wele
269 544 403 612 candide
422 544 551 611 tacitum
572 545 692 612 hebent
713 544 838 634 signum
861 542 953 631 petiti
975 542 1138 631 colloquii:
1164 545 1283 635 oblige-

180 645 260 712 bunt
276 666 352 734 ergo
368 667 431 709 non
447 645 548 711 minus
564 666 657 731 quem
674 644 701 710 si
717 667 794 711 voce
811 643 944 733 petitum
960 652 1052 712 esset.

256 746 315 812 Vl.
363 744 494 832 Sponsio
510 765 532 809 c
548 743 676 810 ducibus
693 744 777 809 sacta
792 752 946 830 quatenus
962 742 1056 809 tacite
1072 744 1284 830 approbatus

181 844 296 932 populo
321 851 479 932 outrage
504 843 623 910 censeri
646 843 769 920 dobeet,
794 851 827 909 ct
850 843 909 908 hoc
927 841 994 929 jem
1018 864 1115 931 supra
1139 843 1281 922 diximus,
1295 867 1408 908 cuum

181 943 327 1010 nimirum
344 941 399 1008 ubi
414 952 447 1010 ct
462 952 550 1010 scius
564 943 625 1010 suit
647 942 798 1032 cognitus,
814 950 848 1007 et
864 941 981 1028 aliquid
1004 942 1131 1022 suctum,
1148 952 1205 1009 cut
1220 966 1282 1009 non
1294 914 1374 1009 flii

181 1042 310 1128 fectum,
328 1041 415 1129 cujus
431 1043 479 1108 rei
495 1042 556 1110 alis
573 1063 666 1108 cause
682 1050 774 1108 extro
791 1041 982 1110 voluntatem
997 1040 1113 1108 federis
1128 1043 1284 1128 probandi

182 1142 251 1208 dari
268 1165 331 1208 non
346 1141 451 1230 possit

256 1244 332 1310 Vll.
374 1234 494 1308 ‘Pmnae
511 1241 650 1308 remissio
676 1263 715 1308 ex
738 1239 804 1306 solu
827 1239 1068 1307 dissimulatione
1090 1263 1153 1306 non
1178 1249 1281 1328 potest

181 1341 284 1431 colligi
293 1366 303 1419 ;
328 1342 384 1408 sed
400 1363 478 1429 opus
494 1351 543 1408 cst
558 1341 687 1407 accedet
702 1349 789 1407 nctus
811 1339 883 1406 telis
900 1340 955 1426 qui
971 1348 1027 1406 sut
1042 1340 1207 1406 amicitiam
1223 1364 1283 1429 per

181 1462 215 1506 se
237 1441 390 1519 ostendet,
416 1450 452 1507 ut
474 1440 564 1507 fedus
588 1439 732 1506 amicitiae
753 1462 856 1515 conse,
884 1448 940 1505 eut
960 1439 1134 1525 opinionem
1160 1442 1201 1506 de
1225 1440 1281 1506 teli

182 1539 299 1607 uirtute
315 1540 364 1607 cui
381 1539 492 1606 merito
508 1539 664 1607 antefacta
681 1538 850 1605 condonari
867 1538 1011 1615 debcant,
1028 1538 1095 1604 sive
1116 1561 1155 1604 ec
1177 1540 1280 1628 opinio

180 1639 283 1706 verbis
304 1638 439 1707 indicate
456 1648 513 1717 est,
534 1639 600 1706 sive
616 1639 711 1706 rebus
727 1659 798 1726 quoe
818 1659 859 1703 ex
878 1659 965 1702 moro
987 1636 1137 1704 institute
1156 1638 1219 1705 sint
1240 1639 1282 1703 sd

180 1739 275 1804 talem
291 1739 555 1829 significationem.

179 1929 245 1976 gere,
259 1915 351 1962 Plinius
360 1915 414 1963 Lib.
424 1928 494 1963 xxn.
505 1929 525 1962 c.
536 1916 559 1964 4.
590 1914 639 1970 Qui
648 1914 705 1961 victi
753 1914 826 1960 etiam
836 1914 898 1960 inter
907 1918 1013 1959 amatos
1023 1914 1100 1961 hostes
1109 1914 1194 1974 quictis
1203 1915 1235 1961 eit
1244 1915 1281 1961 in·

179 2005 206 2038 se
220 1991 312 2038 dedum
325 1991 428 2038 inermes
442 1990 587 2050 supplicant,
602 1989 636 2035 sit
648 1990 703 2035 Ser·
753 1989 850 2036 dicimo.
878 1988 953 2049 (Cup.
963 1990 1016 2045 3⁰.)

179 2065 409 2114 simeonAEneid.
420 2064 494 2124 (487.)
799 2063 902 2112 ‘Pom
915 2062 1035 2124 rescissio]
1052 2065 1152 2111 Trsctct
1167 2065 1281 2126 Polybius

225 2148 237 2174 θ
249 2139 330 2187 Hodie
339 2141 392 2188 sela
402 2141 506 2187 candidu
515 2140 612 2187 tacitum
621 2139 706 2188 labec
757 2145 869 2188 secretus
878 2141 902 2186 iu
908 2140 1038 2200 Excerpts's
1042 2140 1205 2202 leqctiowcm,
1215 2156 1281 2189 num.

179 2216 271 2277 dymin
275 2217 348 2278 petiti
357 2216 481 2277 colloquii]
497 2217 565 2277 Ignis
578 2229 705 2262 succensus
755 2219 807 2275 122,
822 2232 853 2263 cn
863 2217 884 2263 si
893 2219 992 2264 remim
1000 2218 1032 2265 sit
1043 2233 1115 2278 poens
1128 2219 1157 2264 iis
1167 2219 1209 2279 qui
1221 2219 1281 2265 foci·

179 2293 251 2353 petiti
263 2293 378 2352 colloquii
389 2293 485 2352 signnm
495 2292 560 2352 cpnd
575 2291 706 2352 septentri-
754 2307 799 2339 nus
809 2293 897 2350 iecere,
911 2294 983 2339 simul
991 2294 1132 2340 remiscuit
1142 2295 1281 2340 mundator·

179 2367 232 2413 onis
241 2367 352 2428 pupulos.
377 2366 490 2414 Meminit
498 2365 624 2413 Johsnnss
633 2366 706 2427 hing-
754 2367 826 2413 ihus?
843 2367 1181 2428 nonputo,singu10senim
1195 2371 1281 2415 ment

179 2457 226 2489 nus
235 2449 260 2490 et
269 2443 317 2490 elil.
341 2443 434 2490 Plinius
443 2442 495 2489 Lib.
502 2455 546 2488 xv.
555 2444 592 2489 ³0.
603 2441 705 2488 dem
755 2456 799 2491 suc
808 2441 905 2489 delicte.

179 2533 226 2569 ru:
248 2519 304 2580 ipsc
317 2519 440 2581 pcep‘cra,
458 2523 484 2566 ut
500 2532 572 2580 qums
587 2517 707 2578 protendi

179 2769 307 2841 assigned
320 2770 373 2825 but
384 2769 433 2825 the
445 2770 501 2825 will
515 2776 545 2826 to
557 2786 680 2842 epprore
693 2769 743 2825 the
758 2771 935 2825 convention.

236 2856 301 2911 VII.
339 2856 400 2912 The
414 2855 605 2912 remissiones
616 2874 634 2910 c
645 2856 759 2928 penalty
771 2862 876 2911 cannot
889 2856 926 2910 be
937 2856 1074 2912 collected
1089 2855 1195 2929 merely
1206 2858 1281 2913 from

179 2941 290 2999 silence.
336 2941 402 2997 Itis
420 2959 567 3015 ncccsssry
581 2942 644 2997 thul
663 2942 744 2997 there
759 2942 794 2997 be
808 2941 900 2996 eddcd
915 2958 993 2997 some
1011 2949 1065 3007 cot,
1080 2941 1170 2995 which
1189 2943 1281 2998 either

179 3028 213 3083 of
223 3027 302 3083 itsoli
310 3027 398 3084 shows
412 3028 576 3100 friendship‚
598 3044 632 3083 or
642 3045 660 3083 e
671 3028 770 3097 leeguc
788 3045 825 3082 on
837 3026 887 3081 the
897 3026 1007 3097 ground
1019 3028 1052 3083 of
1064 3026 1230 3097 friendohip‚
1247 3045 1281 3083 or

177 3131 216 3168 sn
228 3113 344 3185 opinion
358 3114 391 3169 of
398 3113 448 3170 the
459 3116 599 3170 existence
614 3114 647 3169 of
658 3114 763 3168 virtues
774 3112 866 3167 which
877 3130 941 3184 may
953 3113 1016 3183 gire
1029 3114 1085 3167 rise
1098 3118 1130 3167 to
1143 3128 1162 3166 e
1176 3113 1280 3167 condo·

178 3200 276 3254 nstiou
288 3199 321 3254 of
333 3200 464 3272 previous
481 3206 556 3265 actm
574 3199 701 3255 whether
714 3198 777 3254 thet
791 3199 907 3269 opinion
921 3198 957 3253 be
973 3197 1122 3269 expressed
1136 3198 1167 3250 in
1181 3198 1280 3264 words,

179 3302 213 3340 or
222 3285 262 3357 hy
272 3302 369 3342 means
381 3287 414 3342 of
430 3286 523 3359 things
537 3286 628 3342 which
642 3284 681 3359 by
692 3290 800 3341 custom
812 3300 861 3340 ure
880 3283 1035 3355 appointed
1046 3289 1076 3339 ιο
1091 3299 1197 3356 courcy
1210 3284 1280 3339 such

178 3388 317 3443 mesnmg.
