<?xml version="1.0" encoding="UTF-8"?>
<!DOCTYPE html PUBLIC "-//W3C//DTD XHTML 1.0 Transitional//EN"
    "http://www.w3.org/TR/xhtml1/DTD/xhtml1-transitional.dtd">
<html xmlns="http://www.w3.org/1999/xhtml" xml:lang="en" lang="en">
 <head>
  <title>
</title>
<meta http-equiv="Content-Type" content="text/html;charset=utf-8" />
  <meta name='ocr-system' content='tesseract 3.04.00' />
  <meta name='ocr-capabilities' content='ocr_page ocr_carea ocr_par ocr_line ocrx_word'/>
</head>
<body>
  <div class='ocr_page' id='page_1' title='image "./hugonisgrotiide09barbgoog_0107.png"; bbox 0 0 3225 5125; ppageno 0'>
   <div class='ocr_carea' id='block_1_1' title="bbox 346 304 1446 386">
    <p class='ocr_par' dir='ltr' id='par_1_1' title="bbox 346 304 1446 386">
     <span class='ocr_line' id='line_1_1' title="bbox 346 304 1446 386; baseline 0.003 -17"><span class='ocrx_word' id='word_1_1' title='bbox 346 304 388 369; x_wconf 78' lang='grc'><strong>92</strong></span> <span class='ocrx_word' id='word_1_2' title='bbox 518 312 570 366; x_wconf 86' lang='lat' dir='ltr'><strong>Dll</strong></span> <span class='ocrx_word' id='word_1_3' title='bbox 593 311 692 366; x_wconf 71' lang='lat' dir='ltr'><strong>June</strong></span> <span class='ocrx_word' id='word_1_4' title='bbox 715 311 1012 368; x_wconf 78' lang='lat' dir='ltr'><strong>INTERPIOIENDI</strong></span> <span class='ocrx_word' id='word_1_5' title='bbox 1032 312 1181 369; x_wconf 72' lang='lat' dir='ltr'><strong>nosses</strong></span> <span class='ocrx_word' id='word_1_6' title='bbox 1203 313 1248 369; x_wconf 86' lang='lat' dir='ltr'><strong>IN</strong></span> <span class='ocrx_word' id='word_1_7' title='bbox 1306 311 1379 386; x_wconf 77' lang='lat' dir='ltr'><strong>[Lm.</strong></span> <span class='ocrx_word' id='word_1_8' title='bbox 1391 317 1446 372; x_wconf 90' lang='lat'>111.</span> 
     </span>
    </p>
   </div>
   <div class='ocr_carea' id='block_1_2' title="bbox 119 479 1449 2056">
    <p class='ocr_par' dir='ltr' id='par_1_2' title="bbox 119 479 1449 1654">
     <span class='ocr_line' id='line_1_2' title="bbox 346 479 1448 567; baseline 0.004 -23"><span class='ocrx_word' id='word_1_9' title='bbox 346 480 449 544; x_wconf 76' lang='lat' dir='ltr'><strong>beatis</strong></span> <span class='ocrx_word' id='word_1_10' title='bbox 471 501 578 554; x_wconf 88' lang='lat' dir='ltr'><strong>arma,</strong></span> <span class='ocrx_word' id='word_1_11' title='bbox 604 480 782 544; x_wconf 85' lang='lat' dir='ltr'><strong>licitamini</strong></span> <span class='ocrx_word' id='word_1_12' title='bbox 807 480 948 544; x_wconf 79' lang='lat' dir='ltr'><strong>hostium</strong></span> <span class='ocrx_word' id='word_1_13' title='bbox 971 480 1094 564; x_wconf 82' lang='lat' dir='ltr'><strong>capita.</strong></span> <span class='ocrx_word' id='word_1_14' title='bbox 1147 479 1190 545; x_wconf 85' lang='lat' dir='ltr'><strong>Et</strong></span> <span class='ocrx_word' id='word_1_15' title='bbox 1207 500 1299 546; x_wconf 81' lang='lat' dir='ltr'><strong>mox:</strong></span> <span class='ocrx_word' id='word_1_16' title='bbox 1325 485 1387 567; x_wconf 74' lang='lat' dir='ltr'><strong>pus·</strong></span> <span class='ocrx_word' id='word_1_17' title='bbox 1408 481 1448 548; x_wconf 78' lang='lat' dir='ltr'><strong>ae</strong></span> 
     </span>
     <span class='ocr_line' id='line_1_3' title="bbox 182 577 1448 664; baseline 0.002 -20"><span class='ocrx_word' id='word_1_18' title='bbox 182 603 301 644; x_wconf 57' lang='lat' dir='ltr'><strong>neren.</strong></span> <span class='ocrx_word' id='word_1_19' title='bbox 347 579 422 644; x_wconf 82' lang='lat' dir='ltr'><strong>belli</strong></span> <span class='ocrx_word' id='word_1_20' title='bbox 445 580 574 664; x_wconf 80' lang='lat' dir='ltr'><strong>quidem</strong></span> <span class='ocrx_word' id='word_1_21' title='bbox 589 579 673 662; x_wconf 79' lang='lat' dir='ltr'><strong>jura</strong></span> <span class='ocrx_word' id='word_1_22' title='bbox 696 579 733 641; x_wconf 85' lang='lat' dir='ltr'><strong>in</strong></span> <span class='ocrx_word' id='word_1_23' title='bbox 755 600 804 642; x_wconf 85' lang='lat' dir='ltr'><strong>me</strong></span> <span class='ocrx_word' id='word_1_24' title='bbox 823 580 1014 643; x_wconf 76' lang='lat' dir='ltr'><strong>sanaveris.</strong></span> <span class='ocrx_word' id='word_1_25' title='bbox 1065 577 1169 644; x_wconf 82' lang='lat' dir='ltr'>Alibi:</span> <span class='ocrx_word' id='word_1_26' title='bbox 1194 581 1243 643; x_wconf 84' lang='lat' dir='ltr'><strong>ad</strong></span> <span class='ocrx_word' id='word_1_27' title='bbox 1258 581 1448 647; x_wconf 80' lang='lat' dir='ltr'><strong>internecio-</strong></span> 
     </span>
     <span class='ocr_line' id='line_1_4' title="bbox 346 677 1449 764; baseline 0.003 -21"><span class='ocrx_word' id='word_1_28' title='bbox 346 700 417 743; x_wconf 82' lang='lat' dir='ltr'><strong>nem</strong></span> <span class='ocrx_word' id='word_1_29' title='bbox 433 679 516 742; x_wconf 78' lang='lat' dir='ltr'><strong>milti</strong></span> <span class='ocrx_word' id='word_1_30' title='bbox 527 677 765 762; x_wconf 78' lang='lat' dir='ltr'><strong>persequendus</strong></span> <span class='ocrx_word' id='word_1_31' title='bbox 781 688 838 753; x_wconf 82' lang='grc' dir='ltr'><strong><em>οοι,</em></strong></span> <span class='ocrx_word' id='word_1_32' title='bbox 855 698 920 741; x_wconf 82' lang='lat' dir='ltr'><strong>aaa</strong></span> <span class='ocrx_word' id='word_1_33' title='bbox 939 684 978 740; x_wconf 86' lang='lat' dir='ltr'><strong>at</strong></span> <span class='ocrx_word' id='word_1_34' title='bbox 993 677 1105 761; x_wconf 76' lang='lat' dir='ltr'><strong>justus</strong></span> <span class='ocrx_word' id='word_1_35' title='bbox 1121 679 1232 752; x_wconf 71' lang='lat' dir='ltr'><strong>hostie</strong></span> <span class='ocrx_word' id='word_1_36' title='bbox 1249 680 1306 744; x_wconf 86' lang='lat' dir='ltr'><strong>sed</strong></span> <span class='ocrx_word' id='word_1_37' title='bbox 1322 692 1359 743; x_wconf 89' lang='lat' dir='ltr'><strong>ut</strong></span> <span class='ocrx_word' id='word_1_38' title='bbox 1371 703 1449 764; x_wconf 83' lang='lat' dir='ltr'><strong>per·</strong></span> 
     </span>
     <span class='ocr_line' id='line_1_5' title="bbox 182 774 1449 860; baseline 0.002 -19"><span class='ocrx_word' id='word_1_39' title='bbox 182 787 228 826; x_wconf 74' lang='lat' dir='ltr'><strong>mv.</strong></span> <span class='ocrx_word' id='word_1_40' title='bbox 236 785 280 825; x_wconf 60' lang='lat'><strong>¹1¹2</strong></span> <span class='ocrx_word' id='word_1_41' title='bbox 290 786 320 825; x_wconf 70' lang='lat'><strong>¹⁸-</strong></span> <span class='ocrx_word' id='word_1_42' title='bbox 346 797 457 842; x_wconf 75' lang='lat' dir='ltr'><strong>cursor</strong></span> <span class='ocrx_word' id='word_1_43' title='bbox 484 779 648 860; x_wconf 81' lang='lat' dir='ltr'><strong>veneficus.</strong></span> <span class='ocrx_word' id='word_1_44' title='bbox 696 774 815 839; x_wconf 84' lang='lat' dir='ltr'><strong>Eodem</strong></span> <span class='ocrx_word' id='word_1_45' title='bbox 843 774 1041 840; x_wconf 83' lang='lat' dir='ltr'><strong>referendum</strong></span> <span class='ocrx_word' id='word_1_46' title='bbox 1066 774 1144 841; x_wconf 90' lang='lat' dir='ltr'><strong>illud</strong></span> <span class='ocrx_word' id='word_1_47' title='bbox 1165 775 1204 840; x_wconf 90' lang='lat' dir='ltr'><strong>de</strong></span> <span class='ocrx_word' id='word_1_48' title='bbox 1222 775 1358 843; x_wconf 70' lang='lat' dir='ltr'><strong>Perseos</strong></span> <span class='ocrx_word' id='word_1_49' title='bbox 1383 798 1449 844; x_wconf 80' lang='lat' dir='ltr'><strong>aaa</strong></span> 
     </span>
     <span class='ocr_line' id='line_1_6' title="bbox 339 875 1448 961; baseline 0.002 -20"><span class='ocrx_word' id='word_1_50' title='bbox 339 877 466 959; x_wconf 83' lang='lat' dir='ltr'><strong>justam</strong></span> <span class='ocrx_word' id='word_1_51' title='bbox 490 897 659 961; x_wconf 83' lang='lat' dir='ltr'><strong>apparare</strong></span> <span class='ocrx_word' id='word_1_52' title='bbox 683 875 800 940; x_wconf 82' lang='lat' dir='ltr'><strong>bellum</strong></span> <span class='ocrx_word' id='word_1_53' title='bbox 822 876 912 959; x_wconf 74' lang='lat' dir='ltr'><strong>sepio</strong></span> <span class='ocrx_word' id='word_1_54' title='bbox 934 876 1055 949; x_wconf 84' lang='lat' dir='ltr'><strong>animo,</strong></span> <span class='ocrx_word' id='word_1_55' title='bbox 1075 876 1133 940; x_wconf 78' lang='lat' dir='ltr'><strong>sed</strong></span> <span class='ocrx_word' id='word_1_56' title='bbox 1148 898 1211 959; x_wconf 82' lang='lat' dir='ltr'><strong>per</strong></span> <span class='ocrx_word' id='word_1_57' title='bbox 1229 878 1341 941; x_wconf 81' lang='lat' dir='ltr'><strong>omnia</strong></span> <span class='ocrx_word' id='word_1_58' title='bbox 1357 878 1448 942; x_wconf 82' lang='lat' dir='ltr'><strong>claa-</strong></span> 
     </span>
     <span class='ocr_line' id='line_1_7' title="bbox 347 974 1446 1059; baseline 0 -18"><span class='ocrx_word' id='word_1_59' title='bbox 347 977 476 1041; x_wconf 82' lang='lat' dir='ltr'><strong>deets&#39;aa</strong></span> <span class='ocrx_word' id='word_1_60' title='bbox 511 975 666 1059; x_wconf 75' lang='lat' dir='ltr'><strong>praescri</strong></span> <span class='ocrx_word' id='word_1_61' title='bbox 702 974 826 1038; x_wconf 78' lang='lat' dir='ltr'><strong>scelera</strong></span> <span class='ocrx_word' id='word_1_62' title='bbox 866 975 1115 1038; x_wconf 81' lang='lat' dir='ltr'><strong>latrociniorum</strong></span> <span class='ocrx_word' id='word_1_63' title='bbox 1151 985 1183 1039; x_wconf 86' lang='lat' dir='ltr'><strong>et</strong></span> <span class='ocrx_word' id='word_1_64' title='bbox 1216 977 1446 1058; x_wconf 74' lang='lat' dir='ltr'><strong>aaseficiomm</strong></span> 
     </span>
     <span class='ocr_line' id='line_1_8' title="bbox 183 1071 1448 1161; baseline -0.002 -17"><span class='ocrx_word' id='word_1_65' title='bbox 183 1105 229 1145; x_wconf 72' lang='lat' dir='ltr'><strong>mv.</strong></span> <span class='ocrx_word' id='word_1_66' title='bbox 237 1107 288 1145; x_wconf 62' lang='lat' dir='ltr'><strong>sus.</strong></span> <span class='ocrx_word' id='word_1_67' title='bbox 297 1107 314 1144; x_wconf 85' lang='lat'><strong>1.</strong></span> <span class='ocrx_word' id='word_1_68' title='bbox 348 1073 486 1139; x_wconf 80' lang='lat' dir='ltr'><strong>Marcius</strong></span> <span class='ocrx_word' id='word_1_69' title='bbox 511 1072 673 1160; x_wconf 80' lang='lat' dir='ltr'><strong>Philippus</strong></span> <span class='ocrx_word' id='word_1_70' title='bbox 696 1071 735 1136; x_wconf 94' lang='lat' dir='ltr'><strong>de</strong></span> <span class='ocrx_word' id='word_1_71' title='bbox 757 1072 867 1137; x_wconf 88' lang='lat' dir='ltr'><strong>iisdem</strong></span> <span class='ocrx_word' id='word_1_72' title='bbox 892 1071 982 1137; x_wconf 84' lang='lat' dir='ltr'><strong>sectis</strong></span> <span class='ocrx_word' id='word_1_73' title='bbox 1004 1072 1111 1137; x_wconf 87' lang='lat' dir='ltr'><strong>Persei</strong></span> <span class='ocrx_word' id='word_1_74' title='bbox 1133 1095 1250 1161; x_wconf 82' lang='lat' dir='ltr'><strong>egens:</strong></span> <span class='ocrx_word' id='word_1_75' title='bbox 1275 1097 1316 1140; x_wconf 83' lang='lat' dir='ltr'><strong>aa</strong></span> <span class='ocrx_word' id='word_1_76' title='bbox 1336 1076 1448 1141; x_wconf 84' lang='lat' dir='ltr'><strong>omnia</strong></span> 
     </span>
     <span class='ocr_line' id='line_1_9' title="bbox 119 1173 1448 1259; baseline 0.003 -23"><span class='ocrx_word' id='word_1_77' title='bbox 119 1219 120 1223; x_wconf 65' lang='lat'>,</span> <span class='ocrx_word' id='word_1_78' title='bbox 349 1196 448 1259; x_wconf 84' lang='lat' dir='ltr'><strong>quam</strong></span> <span class='ocrx_word' id='word_1_79' title='bbox 469 1175 550 1238; x_wconf 82' lang='lat' dir='ltr'><strong>Diis</strong></span> <span class='ocrx_word' id='word_1_80' title='bbox 571 1193 692 1254; x_wconf 85' lang='lat' dir='ltr'><strong>quoque</strong></span> <span class='ocrx_word' id='word_1_81' title='bbox 713 1173 821 1236; x_wconf 78' lang='lat' dir='ltr'><strong>inviso</strong></span> <span class='ocrx_word' id='word_1_82' title='bbox 843 1184 954 1246; x_wconf 68' lang='lat' dir='ltr'><strong>eseam,</strong></span> <span class='ocrx_word' id='word_1_83' title='bbox 975 1193 1144 1258; x_wconf 68' lang='lat' dir='ltr'><strong>emtarum</strong></span> <span class='ocrx_word' id='word_1_84' title='bbox 1164 1175 1201 1237; x_wconf 83' lang='lat' dir='ltr'><strong>in</strong></span> <span class='ocrx_word' id='word_1_85' title='bbox 1220 1175 1311 1238; x_wconf 73' lang='lat' dir='ltr'><strong>auita</strong></span> <span class='ocrx_word' id='word_1_86' title='bbox 1337 1197 1448 1240; x_wconf 76' lang='lat' dir='ltr'><strong>rerum</strong></span> 
     </span>
     <span class='ocr_line' id='line_1_10' title="bbox 182 1263 1448 1339; baseline 0.002 -2"><span class='ocrx_word' id='word_1_87' title='bbox 182 1278 293 1318; x_wconf 56' lang='lat' dir='ltr'><strong>Uist-t</strong></span> <span class='ocrx_word' id='word_1_88' title='bbox 348 1294 494 1338; x_wconf 79' lang='lat' dir='ltr'><strong>suarum.</strong></span> <span class='ocrx_word' id='word_1_89' title='bbox 540 1269 683 1336; x_wconf 79' lang='lat' dir='ltr'><strong>Pertinet</strong></span> <span class='ocrx_word' id='word_1_90' title='bbox 699 1270 760 1335; x_wconf 91' lang='lat' dir='ltr'><strong>huc</strong></span> <span class='ocrx_word' id='word_1_91' title='bbox 775 1270 853 1335; x_wconf 91' lang='lat' dir='ltr'><strong>illud</strong></span> <span class='ocrx_word' id='word_1_92' title='bbox 870 1269 989 1336; x_wconf 79' lang='lat' dir='ltr'><strong>Valerii</strong></span> <span class='ocrx_word' id='word_1_93' title='bbox 1005 1270 1155 1337; x_wconf 75' lang='lat' dir='ltr'><strong>Maximi:</strong></span> <span class='ocrx_word' id='word_1_94' title='bbox 1179 1263 1327 1338; x_wconf 76' lang='lat' dir='ltr'><strong>iViriati</strong></span> <span class='ocrx_word' id='word_1_95' title='bbox 1346 1276 1448 1339; x_wconf 79' lang='lat' dir='ltr'><strong>eadee</strong></span> 
     </span>
     <span class='ocr_line' id='line_1_11' title="bbox 348 1371 1448 1457; baseline 0.001 -21"><span class='ocrx_word' id='word_1_96' title='bbox 348 1373 510 1456; x_wconf 81' lang='lat' dir='ltr'><strong>duplicem</strong></span> <span class='ocrx_word' id='word_1_97' title='bbox 531 1371 681 1456; x_wconf 78' lang='lat' dir='ltr'><strong>perfidiae</strong></span> <span class='ocrx_word' id='word_1_98' title='bbox 708 1373 948 1436; x_wconf 71' lang='lat' dir='ltr'><strong>commotionem</strong></span> <span class='ocrx_word' id='word_1_99' title='bbox 976 1374 1119 1455; x_wconf 80' lang='lat' dir='ltr'><strong>recepit:</strong></span> <span class='ocrx_word' id='word_1_100' title='bbox 1143 1373 1181 1435; x_wconf 82' lang='lat' dir='ltr'><strong>ia</strong></span> <span class='ocrx_word' id='word_1_101' title='bbox 1205 1373 1333 1447; x_wconf 83' lang='lat' dir='ltr'><strong>amicis,</strong></span> <span class='ocrx_word' id='word_1_102' title='bbox 1361 1375 1448 1457; x_wconf 82' lang='lat' dir='ltr'><strong>quad</strong></span> 
     </span>
     <span class='ocr_line' id='line_1_12' title="bbox 348 1471 1448 1556; baseline 0.001 -21"><span class='ocrx_word' id='word_1_103' title='bbox 348 1493 455 1536; x_wconf 83' lang='lat' dir='ltr'><strong>aarum</strong></span> <span class='ocrx_word' id='word_1_104' title='bbox 488 1471 640 1534; x_wconf 80' lang='lat' dir='ltr'><strong>manibus</strong></span> <span class='ocrx_word' id='word_1_105' title='bbox 672 1471 861 1534; x_wconf 78' lang='lat' dir='ltr'><strong>interemtus</strong></span> <span class='ocrx_word' id='word_1_106' title='bbox 887 1482 955 1543; x_wconf 81' lang='lat' dir='ltr'><strong>est,·</strong></span> <span class='ocrx_word' id='word_1_107' title='bbox 984 1471 1022 1533; x_wconf 83' lang='lat' dir='ltr'><strong>in</strong></span> <span class='ocrx_word' id='word_1_108' title='bbox 1052 1473 1090 1545; x_wconf 84' lang='lat' dir='ltr'><strong>Q.</strong></span> <span class='ocrx_word' id='word_1_109' title='bbox 1119 1471 1263 1535; x_wconf 84' lang='lat' dir='ltr'><strong>Servilio</strong></span> <span class='ocrx_word' id='word_1_110' title='bbox 1297 1474 1448 1556; x_wconf 80' lang='lat' dir='ltr'><strong>Coepioue</strong></span> 
     </span>
     <span class='ocr_line' id='line_1_13' title="bbox 348 1569 1447 1654; baseline 0.002 -20"><span class='ocrx_word' id='word_1_111' title='bbox 348 1570 484 1648; x_wconf 75' lang='lat' dir='ltr'><strong>camele,</strong></span> <span class='ocrx_word' id='word_1_112' title='bbox 512 1571 593 1654; x_wconf 83' lang='lat' dir='ltr'><strong>quia</strong></span> <span class='ocrx_word' id='word_1_113' title='bbox 615 1570 645 1632; x_wconf 84' lang='lat' dir='ltr'><strong>is</strong></span> <span class='ocrx_word' id='word_1_114' title='bbox 662 1569 791 1634; x_wconf 68' lang='lat' dir='ltr'><strong>sceleris</strong></span> <span class='ocrx_word' id='word_1_115' title='bbox 813 1569 909 1652; x_wconf 77' lang='lat' dir='ltr'><strong>hujus</strong></span> <span class='ocrx_word' id='word_1_116' title='bbox 932 1581 1049 1634; x_wconf 79' lang='lat' dir='ltr'><em>auctor</em></span> <span class='ocrx_word' id='word_1_117' title='bbox 1072 1571 1269 1654; x_wconf 77' lang='lat' dir='ltr'><strong>impunitate</strong></span> <span class='ocrx_word' id='word_1_118' title='bbox 1279 1572 1447 1654; x_wconf 75' lang='lat' dir='ltr'><strong>promtisea</strong></span> 
     </span>
    </p>

    <p class='ocr_par' dir='ltr' id='par_1_3' title="bbox 343 1669 1447 2056">
     <span class='ocr_line' id='line_1_14' title="bbox 343 1669 1073 1752; baseline 0 -20"><span class='ocrx_word' id='word_1_119' title='bbox 343 1671 426 1752; x_wconf 87' lang='lat' dir='ltr'><strong>fuit,</strong></span> <span class='ocrx_word' id='word_1_120' title='bbox 444 1669 677 1752; x_wconf 82' lang='lat' dir='ltr'><strong>uictoriamque</strong></span> <span class='ocrx_word' id='word_1_121' title='bbox 691 1689 755 1731; x_wconf 82' lang='lat' dir='ltr'><strong>aon</strong></span> <span class='ocrx_word' id='word_1_122' title='bbox 769 1669 897 1743; x_wconf 83' lang='lat' dir='ltr'><strong>meruit,</strong></span> <span class='ocrx_word' id='word_1_123' title='bbox 915 1670 971 1732; x_wconf 85' lang='lat' dir='ltr'><strong>sed</strong></span> <span class='ocrx_word' id='word_1_124' title='bbox 987 1670 1073 1733; x_wconf 85' lang='lat' dir='ltr'><strong>emit.</strong></span> 
     </span>
     <span class='ocr_line' id='line_1_15' title="bbox 423 1765 1445 1856; baseline 0.003 -24"><span class='ocrx_word' id='word_1_125' title='bbox 423 1769 444 1832; x_wconf 81' lang='lat'><strong>5</strong></span> <span class='ocrx_word' id='word_1_126' title='bbox 481 1768 582 1831; x_wconf 83' lang='lat' dir='ltr'><strong>Ceuse</strong></span> <span class='ocrx_word' id='word_1_127' title='bbox 610 1787 665 1830; x_wconf 86' lang='lat' dir='ltr'><strong>eur</strong></span> <span class='ocrx_word' id='word_1_128' title='bbox 690 1765 740 1831; x_wconf 88' lang='lat' dir='ltr'><strong>hic</strong></span> <span class='ocrx_word' id='word_1_129' title='bbox 761 1765 847 1830; x_wconf 85' lang='lat' dir='ltr'><strong>uliud</strong></span> <span class='ocrx_word' id='word_1_130' title='bbox 868 1787 962 1851; x_wconf 86' lang='lat' dir='ltr'><strong>quem</strong></span> <span class='ocrx_word' id='word_1_131' title='bbox 981 1765 1014 1832; x_wconf 90' lang='lat' dir='ltr'><strong>in</strong></span> <span class='ocrx_word' id='word_1_132' title='bbox 1036 1768 1131 1833; x_wconf 88' lang='lat' dir='ltr'><strong>rebus</strong></span> <span class='ocrx_word' id='word_1_133' title='bbox 1151 1767 1263 1835; x_wconf 87' lang='lat' dir='ltr'><strong>ceteris</strong></span> <span class='ocrx_word' id='word_1_134' title='bbox 1282 1767 1445 1856; x_wconf 77' lang='lat' dir='ltr'><strong>placuerit,</strong></span> 
     </span>
     <span class='ocr_line' id='line_1_16' title="bbox 347 1864 1446 1953; baseline 0.002 -23"><span class='ocrx_word' id='word_1_135' title='bbox 347 1885 386 1930; x_wconf 84' lang='lat' dir='ltr'><strong>ee</strong></span> <span class='ocrx_word' id='word_1_136' title='bbox 407 1864 474 1953; x_wconf 87' lang='lat' dir='ltr'><strong>ipsu</strong></span> <span class='ocrx_word' id='word_1_137' title='bbox 498 1874 547 1930; x_wconf 87' lang='lat' dir='ltr'><strong>est</strong></span> <span class='ocrx_word' id='word_1_138' title='bbox 569 1885 662 1951; x_wconf 81' lang='lat' dir='ltr'><strong>quem</strong></span> <span class='ocrx_word' id='word_1_139' title='bbox 684 1864 724 1929; x_wconf 91' lang='lat' dir='ltr'><strong>de</strong></span> <span class='ocrx_word' id='word_1_140' title='bbox 750 1886 870 1930; x_wconf 84' lang='lat' dir='ltr'><strong>veneno</strong></span> <span class='ocrx_word' id='word_1_141' title='bbox 893 1887 990 1950; x_wconf 81' lang='lat' dir='ltr'><strong>supra</strong></span> <span class='ocrx_word' id='word_1_142' title='bbox 1005 1867 1175 1943; x_wconf 78' lang='lat' dir='ltr'><strong>attulimus,</strong></span> <span class='ocrx_word' id='word_1_143' title='bbox 1194 1890 1234 1933; x_wconf 89' lang='lat' dir='ltr'><strong>ne</strong></span> <span class='ocrx_word' id='word_1_144' title='bbox 1255 1868 1383 1934; x_wconf 88' lang='lat' dir='ltr'><strong>nimium</strong></span> <span class='ocrx_word' id='word_1_145' title='bbox 1400 1868 1446 1932; x_wconf 88' lang='lat' dir='ltr'><strong>in·</strong></span> 
     </span>
     <span class='ocr_line' id='line_1_17' title="bbox 346 1963 1447 2056; baseline 0.003 -26"><span class='ocrx_word' id='word_1_146' title='bbox 346 1965 549 2031; x_wconf 88' lang='lat' dir='ltr'><strong>tenderentur</strong></span> <span class='ocrx_word' id='word_1_147' title='bbox 575 1963 713 2052; x_wconf 82' lang='lat' dir='ltr'><strong>pericula</strong></span> <span class='ocrx_word' id='word_1_148' title='bbox 734 1985 841 2030; x_wconf 88' lang='lat' dir='ltr'><strong>eorum</strong></span> <span class='ocrx_word' id='word_1_149' title='bbox 866 1965 998 2030; x_wconf 81' lang='lat' dir='ltr'><strong>maxime</strong></span> <span class='ocrx_word' id='word_1_150' title='bbox 1026 1966 1253 2051; x_wconf 72' lang='lat' dir='ltr'><strong>qui&#39;emiuent.</strong></span> <span class='ocrx_word' id='word_1_151' title='bbox 1299 1968 1447 2056; x_wconf 83' lang='lat' dir='ltr'><strong>Negebet</strong></span> 
     </span>
    </p>
   </div>
   <div class='ocr_carea' id='block_1_3' title="bbox 340 2135 1449 3019">
    <p class='ocr_par' dir='ltr' id='par_1_4' title="bbox 340 2135 1449 3019">
     <span class='ocr_line' id='line_1_18' title="bbox 390 2135 1447 2198; baseline -0.001 -13"><span class='ocrx_word' id='word_1_152' title='bbox 390 2137 397 2172; x_wconf 83' lang='lat'><strong>¹</strong></span> <span class='ocrx_word' id='word_1_153' title='bbox 415 2137 504 2186; x_wconf 66' lang='lat' dir='ltr'><strong>turturi</strong></span> <span class='ocrx_word' id='word_1_154' title='bbox 521 2135 606 2198; x_wconf 78' lang='lat' dir='ltr'><strong>cades]</strong></span> <span class='ocrx_word' id='word_1_155' title='bbox 629 2137 737 2197; x_wconf 81' lang='lat' dir='ltr'><strong>Scriptus</strong></span> <span class='ocrx_word' id='word_1_156' title='bbox 756 2137 787 2183; x_wconf 89' lang='lat' dir='ltr'><strong>de</strong></span> <span class='ocrx_word' id='word_1_157' title='bbox 807 2137 872 2183; x_wconf 80' lang='lat' dir='ltr'><strong>Viris</strong></span> <span class='ocrx_word' id='word_1_158' title='bbox 919 2137 1012 2183; x_wconf 87' lang='lat' dir='ltr'><strong>toribus</strong></span> <span class='ocrx_word' id='word_1_159' title='bbox 1028 2143 1146 2194; x_wconf 68' lang='lat' dir='ltr'><strong>censure,</strong></span> <span class='ocrx_word' id='word_1_160' title='bbox 1162 2136 1193 2184; x_wconf 83' lang='lat' dir='ltr'><strong>(le</strong></span> <span class='ocrx_word' id='word_1_161' title='bbox 1202 2140 1323 2198; x_wconf 67' lang='lat' dir='ltr'><strong>prmissa</strong></span> <span class='ocrx_word' id='word_1_162' title='bbox 1333 2137 1375 2185; x_wconf 89' lang='lat' dir='ltr'><strong>illo</strong></span> <span class='ocrx_word' id='word_1_163' title='bbox 1385 2153 1447 2198; x_wconf 81' lang='lat' dir='ltr'><strong>prus·</strong></span> 
     </span>
     <span class='ocr_line' id='line_1_19' title="bbox 344 2209 1446 2272; baseline 0.002 -16"><span class='ocrx_word' id='word_1_164' title='bbox 344 2212 487 2270; x_wconf 78' lang='lat' dir='ltr'><strong>illustribus,</strong></span> <span class='ocrx_word' id='word_1_165' title='bbox 504 2211 631 2272; x_wconf 82' lang='lat' dir='ltr'><strong>(Aurelius</strong></span> <span class='ocrx_word' id='word_1_166' title='bbox 645 2211 737 2265; x_wconf 86' lang='lat' dir='ltr'><strong>Viator,</strong></span> <span class='ocrx_word' id='word_1_167' title='bbox 754 2225 808 2270; x_wconf 79' lang='lat' dir='ltr'><strong>esp.</strong></span> <span class='ocrx_word' id='word_1_168' title='bbox 820 2209 871 2271; x_wconf 86' lang='grc'>71.)</span> <span class='ocrx_word' id='word_1_169' title='bbox 919 2211 993 2256; x_wconf 76' lang='lat' dir='ltr'><strong>miou</strong></span> <span class='ocrx_word' id='word_1_170' title='bbox 1005 2211 1119 2271; x_wconf 76' lang='lat' dir='ltr'><strong>Caepione</strong></span> <span class='ocrx_word' id='word_1_171' title='bbox 1131 2213 1237 2258; x_wconf 80' lang='lat' dir='ltr'><strong>consule.</strong></span> <span class='ocrx_word' id='word_1_172' title='bbox 1267 2213 1386 2271; x_wconf 80' lang='lat' dir='ltr'><strong>Adeoque</strong></span> <span class='ocrx_word' id='word_1_173' title='bbox 1401 2213 1446 2258; x_wconf 86' lang='lat' dir='ltr'><strong>mi·</strong></span> 
     </span>
     <span class='ocr_line' id='line_1_20' title="bbox 344 2286 1447 2346; baseline 0 -14"><span class='ocrx_word' id='word_1_174' title='bbox 344 2297 398 2345; x_wconf 81' lang='lat' dir='ltr'><strong>quoe</strong></span> <span class='ocrx_word' id='word_1_175' title='bbox 407 2287 515 2343; x_wconf 80' lang='lat' dir='ltr'><strong>uictoria,</strong></span> <span class='ocrx_word' id='word_1_176' title='bbox 531 2286 590 2345; x_wconf 81' lang='lat' dir='ltr'><strong>quia</strong></span> <span class='ocrx_word' id='word_1_177' title='bbox 599 2290 677 2344; x_wconf 83' lang='lat' dir='ltr'><strong>emptu</strong></span> <span class='ocrx_word' id='word_1_178' title='bbox 686 2290 745 2341; x_wconf 86' lang='lat' dir='ltr'><strong>erat,</strong></span> <span class='ocrx_word' id='word_1_179' title='bbox 762 2300 779 2331; x_wconf 86' lang='lat' dir='ltr'><strong>a</strong></span> <span class='ocrx_word' id='word_1_180' title='bbox 788 2290 871 2332; x_wconf 64' lang='lat' dir='ltr'><strong>meatu</strong></span> <span class='ocrx_word' id='word_1_181' title='bbox 919 2287 983 2331; x_wconf 88' lang='lat' dir='ltr'><strong>nime</strong></span> <span class='ocrx_word' id='word_1_182' title='bbox 990 2286 1147 2332; x_wconf 67' lang='lat' dir='ltr'><strong>emortum</strong></span> <span class='ocrx_word' id='word_1_183' title='bbox 1158 2288 1352 2346; x_wconf 86' lang='lat' dir='ltr'><strong>supplementum</strong></span> <span class='ocrx_word' id='word_1_184' title='bbox 1362 2287 1388 2332; x_wconf 91' lang='lat' dir='ltr'><strong>in</strong></span> <span class='ocrx_word' id='word_1_185' title='bbox 1397 2288 1447 2333; x_wconf 86' lang='lat' dir='ltr'><strong>Eu-</strong></span> 
     </span>
     <span class='ocr_line' id='line_1_21' title="bbox 343 2360 1447 2421; baseline 0 -14"><span class='ocrx_word' id='word_1_186' title='bbox 343 2363 507 2420; x_wconf 76' lang='lat' dir='ltr'><strong>conprobata.</strong></span> <span class='ocrx_word' id='word_1_187' title='bbox 540 2360 684 2419; x_wconf 84' lang='lat' dir='ltr'><strong>Eutropius:</strong></span> <span class='ocrx_word' id='word_1_188' title='bbox 703 2373 754 2406; x_wconf 79' lang='lat' dir='ltr'><strong>eum</strong></span> <span class='ocrx_word' id='word_1_189' title='bbox 764 2360 872 2419; x_wconf 64' lang='lat' dir='ltr'><strong>intefic-</strong></span> <span class='ocrx_word' id='word_1_190' title='bbox 919 2360 992 2419; x_wconf 87' lang='lat' dir='ltr'><strong>tropii</strong></span> <span class='ocrx_word' id='word_1_191' title='bbox 1002 2361 1087 2407; x_wconf 82' lang='lat' dir='ltr'><strong>serhls.</strong></span> <span class='ocrx_word' id='word_1_192' title='bbox 1115 2361 1282 2421; x_wconf 79' lang='lat' dir='ltr'><strong>llejicitstium</strong></span> <span class='ocrx_word' id='word_1_193' title='bbox 1292 2361 1354 2407; x_wconf 76' lang='lat' dir='ltr'><strong>hene</strong></span> <span class='ocrx_word' id='word_1_194' title='bbox 1365 2375 1447 2408; x_wconf 88' lang='lat' dir='ltr'><strong>smen-</strong></span> 
     </span>
     <span class='ocr_line' id='line_1_22' title="bbox 344 2433 1447 2494; baseline 0.002 -13"><span class='ocrx_word' id='word_1_195' title='bbox 344 2440 406 2481; x_wconf 80' lang='lat' dir='ltr'><strong>tores</strong></span> <span class='ocrx_word' id='word_1_196' title='bbox 418 2434 468 2491; x_wconf 76' lang='lat' dir='ltr'><strong>eius</strong></span> <span class='ocrx_word' id='word_1_197' title='bbox 479 2434 605 2494; x_wconf 64' lang='lat' dir='ltr'><strong>mansium</strong></span> <span class='ocrx_word' id='word_1_198' title='bbox 620 2447 637 2479; x_wconf 89' lang='lat' dir='ltr'><strong>a</strong></span> <span class='ocrx_word' id='word_1_199' title='bbox 653 2433 763 2492; x_wconf 73' lang='lat' dir='ltr'><strong>Cepione</strong></span> <span class='ocrx_word' id='word_1_200' title='bbox 779 2434 872 2480; x_wconf 74' lang='lat' dir='ltr'><strong>consule</strong></span> <span class='ocrx_word' id='word_1_201' title='bbox 919 2435 1039 2482; x_wconf 83' lang='lat' dir='ltr'><strong>(tutionem</strong></span> <span class='ocrx_word' id='word_1_202' title='bbox 1054 2437 1220 2494; x_wconf 74' lang='lat' dir='ltr'><strong>Heumannus,</strong></span> <span class='ocrx_word' id='word_1_203' title='bbox 1236 2437 1261 2482; x_wconf 90' lang='lat' dir='ltr'><strong>in</strong></span> <span class='ocrx_word' id='word_1_204' title='bbox 1278 2437 1341 2482; x_wconf 87' lang='lat' dir='ltr'><strong>notis</strong></span> <span class='ocrx_word' id='word_1_205' title='bbox 1353 2437 1447 2483; x_wconf 78' lang='lat' dir='ltr'><strong>ultimus</strong></span> 
     </span>
     <span class='ocr_line' id='line_1_23' title="bbox 340 2507 1447 2571; baseline 0.005 -19"><span class='ocrx_word' id='word_1_206' title='bbox 340 2513 452 2569; x_wconf 82' lang='lat' dir='ltr'><strong>peterent,</strong></span> <span class='ocrx_word' id='word_1_207' title='bbox 467 2521 601 2567; x_wconf 82' lang='lat' dir='ltr'><strong>responsum</strong></span> <span class='ocrx_word' id='word_1_208' title='bbox 618 2511 658 2563; x_wconf 84' lang='lat' dir='ltr'><strong>ert,</strong></span> <span class='ocrx_word' id='word_1_209' title='bbox 679 2519 798 2567; x_wconf 78' lang='lat' dir='ltr'><strong>uunquam</strong></span> <span class='ocrx_word' id='word_1_210' title='bbox 820 2507 871 2554; x_wconf 83' lang='lat' dir='ltr'><strong>Ro-</strong></span> <span class='ocrx_word' id='word_1_211' title='bbox 918 2509 1044 2568; x_wconf 83' lang='lat' dir='ltr'><strong>Editionis,</strong></span> <span class='ocrx_word' id='word_1_212' title='bbox 1052 2525 1124 2571; x_wconf 81' lang='lat' dir='ltr'><strong>quem</strong></span> <span class='ocrx_word' id='word_1_213' title='bbox 1135 2512 1227 2557; x_wconf 83' lang='lat' dir='ltr'><strong>cursvit</strong></span> <span class='ocrx_word' id='word_1_214' title='bbox 1239 2511 1338 2559; x_wconf 62' lang='lat' dir='ltr'><strong>Clusium</strong></span> <span class='ocrx_word' id='word_1_215' title='bbox 1350 2511 1447 2558; x_wconf 79' lang='lat' dir='ltr'><strong>Euser-</strong></span> 
     </span>
     <span class='ocr_line' id='line_1_24' title="bbox 343 2582 1147 2646; baseline 0.004 -17"><span class='ocrx_word' id='word_1_216' title='bbox 343 2582 818 2643; x_wconf 80' lang='lat' dir='ltr'><strong>manisplaauisse‚1mperutorsmasuis</strong></span> <span class='ocrx_word' id='word_1_217' title='bbox 826 2584 871 2629; x_wconf 72' lang='grc' dir='ltr'><strong><em>ιιι·-</em></strong></span> <span class='ocrx_word' id='word_1_218' title='bbox 919 2586 1034 2645; x_wconf 80' lang='lat' dir='ltr'><strong>cumpius.</strong></span> <span class='ocrx_word' id='word_1_219' title='bbox 1063 2585 1147 2646; x_wconf 83' lang='lat' dir='ltr'><strong><em>J.B.]</em></strong></span> 
     </span>
     <span class='ocr_line' id='line_1_25' title="bbox 344 2656 1448 2722; baseline 0.004 -17"><span class='ocrx_word' id='word_1_220' title='bbox 344 2660 426 2706; x_wconf 74' lang='lat' dir='ltr'><strong>litibus</strong></span> <span class='ocrx_word' id='word_1_221' title='bbox 443 2659 552 2717; x_wconf 81' lang='lat' dir='ltr'><strong>interfici.</strong></span> <span class='ocrx_word' id='word_1_222' title='bbox 591 2656 659 2717; x_wconf 84' lang='lat' dir='ltr'><strong>(Lib.</strong></span> <span class='ocrx_word' id='word_1_223' title='bbox 672 2671 707 2703; x_wconf 76' lang='lat' dir='ltr'><strong>tv.</strong></span> <span class='ocrx_word' id='word_1_224' title='bbox 722 2672 774 2718; x_wconf 86' lang='lat' dir='ltr'><strong>cup.</strong></span> <span class='ocrx_word' id='word_1_225' title='bbox 786 2660 813 2719; x_wconf 86' lang='grc'><strong>7)</strong></span> <span class='ocrx_word' id='word_1_226' title='bbox 829 2660 871 2705; x_wconf 90' lang='lat' dir='ltr'><strong>ubi</strong></span> <span class='ocrx_word' id='word_1_227' title='bbox 962 2660 1448 2722; x_wconf 72' lang='lat' dir='ltr'><strong>⁴1nprimsEditioneheielegsbuturt</strong></span> 
     </span>
     <span class='ocr_line' id='line_1_26' title="bbox 343 2732 1449 2794; baseline 0.003 -14"><span class='ocrx_word' id='word_1_228' title='bbox 343 2736 407 2781; x_wconf 76' lang='lat' dir='ltr'><strong>sorte</strong></span> <span class='ocrx_word' id='word_1_229' title='bbox 417 2734 553 2794; x_wconf 80' lang='lat' dir='ltr'><strong>legendum,</strong></span> <span class='ocrx_word' id='word_1_230' title='bbox 564 2748 580 2779; x_wconf 87' lang='lat' dir='ltr'><strong>a</strong></span> <span class='ocrx_word' id='word_1_231' title='bbox 592 2733 703 2793; x_wconf 73' lang='lat' dir='ltr'><strong>Cepione</strong></span> <span class='ocrx_word' id='word_1_232' title='bbox 712 2734 804 2779; x_wconf 77' lang='lat' dir='ltr'><strong>consule</strong></span> <span class='ocrx_word' id='word_1_233' title='bbox 810 2748 871 2793; x_wconf 83' lang='lat' dir='ltr'><strong>pro-</strong></span> <span class='ocrx_word' id='word_1_234' title='bbox 919 2732 995 2792; x_wconf 82' lang='lat' dir='ltr'><strong>Apud</strong></span> <span class='ocrx_word' id='word_1_235' title='bbox 1021 2732 1137 2780; x_wconf 63' lang='lat' dir='ltr'><strong>eunium.</strong></span> <span class='ocrx_word' id='word_1_236' title='bbox 1167 2735 1201 2780; x_wconf 86' lang='lat' dir='ltr'><strong>Et</strong></span> <span class='ocrx_word' id='word_1_237' title='bbox 1220 2748 1304 2781; x_wconf 74' lang='lat' dir='ltr'><strong>resen</strong></span> <span class='ocrx_word' id='word_1_238' title='bbox 1330 2737 1449 2784; x_wconf 72' lang='lat' dir='ltr'><strong>cunnus</strong></span> 
     </span>
     <span class='ocr_line' id='line_1_27' title="bbox 343 2808 1447 2868; baseline 0.003 -14"><span class='ocrx_word' id='word_1_239' title='bbox 343 2810 445 2855; x_wconf 75' lang='lat' dir='ltr'><strong>missum.</strong></span> <span class='ocrx_word' id='word_1_240' title='bbox 477 2808 517 2855; x_wconf 91' lang='lat' dir='ltr'><strong>Sic</strong></span> <span class='ocrx_word' id='word_1_241' title='bbox 527 2808 592 2867; x_wconf 86' lang='lat' dir='ltr'><strong>qnod</strong></span> <span class='ocrx_word' id='word_1_242' title='bbox 602 2808 626 2852; x_wconf 92' lang='lat' dir='ltr'><strong>in</strong></span> <span class='ocrx_word' id='word_1_243' title='bbox 638 2808 769 2853; x_wconf 79' lang='lat' dir='ltr'><strong>Sertorium</strong></span> <span class='ocrx_word' id='word_1_244' title='bbox 781 2808 870 2853; x_wconf 59' lang='lat' dir='ltr'><strong>edmie</strong></span> <span class='ocrx_word' id='word_1_245' title='bbox 917 2808 954 2854; x_wconf 84' lang='lat' dir='ltr'><strong>its</strong></span> <span class='ocrx_word' id='word_1_246' title='bbox 962 2808 993 2853; x_wconf 88' lang='lat' dir='ltr'><strong>de</strong></span> <span class='ocrx_word' id='word_1_247' title='bbox 1000 2808 1075 2854; x_wconf 86' lang='lat' dir='ltr'><strong>Besso</strong></span> <span class='ocrx_word' id='word_1_248' title='bbox 1085 2809 1222 2868; x_wconf 85' lang='lat' dir='ltr'><strong>loquentem</strong></span> <span class='ocrx_word' id='word_1_249' title='bbox 1232 2810 1398 2857; x_wconf 69' lang='lat' dir='ltr'><strong>Alexandrum</strong></span> <span class='ocrx_word' id='word_1_250' title='bbox 1407 2812 1447 2857; x_wconf 86' lang='lat' dir='ltr'><strong>in-</strong></span> 
     </span>
     <span class='ocr_line' id='line_1_28' title="bbox 343 2881 1447 2944; baseline 0.002 -15"><span class='ocrx_word' id='word_1_251' title='bbox 343 2898 396 2929; x_wconf 89' lang='lat' dir='ltr'><strong>sum</strong></span> <span class='ocrx_word' id='word_1_252' title='bbox 407 2888 453 2937; x_wconf 88' lang='lat' dir='ltr'><strong>cst,</strong></span> <span class='ocrx_word' id='word_1_253' title='bbox 464 2883 563 2929; x_wconf 76' lang='lat' dir='ltr'><strong>dunnet</strong></span> <span class='ocrx_word' id='word_1_254' title='bbox 574 2883 715 2928; x_wconf 79' lang='lat' dir='ltr'><strong>Ammisnus</strong></span> <span class='ocrx_word' id='word_1_255' title='bbox 728 2881 790 2927; x_wconf 91' lang='lat' dir='ltr'><strong>libro</strong></span> <span class='ocrx_word' id='word_1_256' title='bbox 800 2894 870 2929; x_wconf 87' lang='lat' dir='ltr'>xxx.</span> <span class='ocrx_word' id='word_1_257' title='bbox 919 2882 1000 2928; x_wconf 81' lang='lat' dir='ltr'><strong>ducit:</strong></span> <span class='ocrx_word' id='word_1_258' title='bbox 1018 2881 1194 2941; x_wconf 76' lang='lat' dir='ltr'><strong>Quemquiders</strong></span> <span class='ocrx_word' id='word_1_259' title='bbox 1208 2884 1275 2929; x_wconf 75' lang='lat' dir='ltr'><strong>mei</strong></span> <span class='ocrx_word' id='word_1_260' title='bbox 1289 2884 1396 2944; x_wconf 70' lang='lat' dir='ltr'><strong>adfixum</strong></span> <span class='ocrx_word' id='word_1_261' title='bbox 1409 2886 1447 2931; x_wconf 87' lang='lat' dir='ltr'><strong>oi-</strong></span> 
     </span>
     <span class='ocr_line' id='line_1_29' title="bbox 345 2955 1446 3019; baseline -0.003 -15"><span class='ocrx_word' id='word_1_262' title='bbox 345 2956 417 3018; x_wconf 82' lang='lat' dir='ltr'><strong>[Cep.</strong></span> <span class='ocrx_word' id='word_1_263' title='bbox 429 2959 442 3003; x_wconf 95' lang='lat'>1</span> <span class='ocrx_word' id='word_1_264' title='bbox 452 2957 477 3003; x_wconf 93' lang='lat' dir='ltr'><strong>in</strong></span> <span class='ocrx_word' id='word_1_265' title='bbox 485 2956 526 3004; x_wconf 83' lang='lat' dir='ltr'><strong>lin.</strong></span> <span class='ocrx_word' id='word_1_266' title='bbox 554 2956 610 3004; x_wconf 83' lang='lat' dir='ltr'><strong>Nun</strong></span> <span class='ocrx_word' id='word_1_267' title='bbox 620 2956 689 3003; x_wconf 82' lang='lat' dir='ltr'><strong>rideo</strong></span> <span class='ocrx_word' id='word_1_268' title='bbox 700 2970 729 3002; x_wconf 87' lang='lat' dir='ltr'><strong>ex</strong></span> <span class='ocrx_word' id='word_1_269' title='bbox 739 2956 793 3002; x_wconf 82' lang='lat' dir='ltr'><strong>eliis</strong></span> <span class='ocrx_word' id='word_1_270' title='bbox 803 2956 870 3001; x_wconf 82' lang='lat' dir='ltr'><strong>Anc-</strong></span> <span class='ocrx_word' id='word_1_271' title='bbox 919 2955 1075 3016; x_wconf 81' lang='lat' dir='ltr'><strong>dercfastiso,</strong></span> <span class='ocrx_word' id='word_1_272' title='bbox 1090 2957 1195 3003; x_wconf 72' lang='lat' dir='ltr'><strong>omnibus</strong></span> <span class='ocrx_word' id='word_1_273' title='bbox 1203 2958 1309 3019; x_wconf 74' lang='lat' dir='ltr'><strong>Rupibus</strong></span> <span class='ocrx_word' id='word_1_274' title='bbox 1321 2958 1446 3007; x_wconf 61' lang='lat' dir='ltr'><strong>(imitu-</strong></span> 
     </span>
    </p>
   </div>
   <div class='ocr_carea' id='block_1_4' title="bbox 341 3172 1453 4533">
    <p class='ocr_par' dir='ltr' id='par_1_5' title="bbox 341 3172 1453 4359">
     <span class='ocr_line' id='line_1_30' title="bbox 343 3172 1443 3248; baseline 0.002 -19"><span class='ocrx_word' id='word_1_275' title='bbox 343 3176 373 3229; x_wconf 70' lang='grc' dir='ltr'><strong>ιο</strong></span> <span class='ocrx_word' id='word_1_276' title='bbox 388 3194 460 3248; x_wconf 72' lang='lat' dir='ltr'><strong>your</strong></span> <span class='ocrx_word' id='word_1_277' title='bbox 471 3178 565 3241; x_wconf 78' lang='lat' dir='ltr'><strong>hands,</strong></span> <span class='ocrx_word' id='word_1_278' title='bbox 577 3194 633 3247; x_wconf 73' lang='lat' dir='ltr'><strong>you</strong></span> <span class='ocrx_word' id='word_1_279' title='bbox 649 3178 765 3248; x_wconf 77' lang='lat' dir='ltr'><strong>tarpeia</strong></span> <span class='ocrx_word' id='word_1_280' title='bbox 775 3178 831 3247; x_wconf 84' lang='lat' dir='ltr'><strong>sor</strong></span> <span class='ocrx_word' id='word_1_281' title='bbox 842 3177 883 3231; x_wconf 82' lang='lat' dir='ltr'><strong>tte</strong></span> <span class='ocrx_word' id='word_1_282' title='bbox 897 3176 977 3229; x_wconf 81' lang='lat' dir='ltr'><strong>heads</strong></span> <span class='ocrx_word' id='word_1_283' title='bbox 991 3177 1026 3248; x_wconf 86' lang='lat' dir='ltr'><strong>os</strong></span> <span class='ocrx_word' id='word_1_284' title='bbox 1035 3192 1108 3245; x_wconf 75' lang='lat' dir='ltr'><strong>your</strong></span> <span class='ocrx_word' id='word_1_285' title='bbox 1121 3174 1237 3229; x_wconf 68' lang='lat' dir='ltr'><strong>mata.</strong></span> <span class='ocrx_word' id='word_1_286' title='bbox 1259 3172 1325 3229; x_wconf 74' lang='lat' dir='ltr'><strong>Anu</strong></span> <span class='ocrx_word' id='word_1_287' title='bbox 1344 3176 1443 3246; x_wconf 70' lang='lat' dir='ltr'><strong>nguine</strong></span> 
     </span>
     <span class='ocr_line' id='line_1_31' title="bbox 347 3261 1447 3332; baseline 0.002 -17"><span class='ocrx_word' id='word_1_288' title='bbox 347 3262 409 3317; x_wconf 87' lang='lat' dir='ltr'><strong>You</strong></span> <span class='ocrx_word' id='word_1_289' title='bbox 420 3264 478 3318; x_wconf 78' lang='lat' dir='ltr'><strong>suto</strong></span> <span class='ocrx_word' id='word_1_290' title='bbox 489 3264 554 3317; x_wconf 80' lang='lat' dir='ltr'><strong>tuve</strong></span> <span class='ocrx_word' id='word_1_291' title='bbox 565 3272 611 3317; x_wconf 82' lang='lat' dir='ltr'><strong>not</strong></span> <span class='ocrx_word' id='word_1_292' title='bbox 622 3280 683 3317; x_wconf 80' lang='lat' dir='ltr'><strong>soen</strong></span> <span class='ocrx_word' id='word_1_293' title='bbox 697 3264 818 3317; x_wconf 64' lang='lat' dir='ltr'><strong>obse-m</strong></span> <span class='ocrx_word' id='word_1_294' title='bbox 828 3264 869 3317; x_wconf 80' lang='lat' dir='ltr'><strong>tle</strong></span> <span class='ocrx_word' id='word_1_295' title='bbox 880 3262 964 3331; x_wconf 60' lang='lat' dir='ltr'><strong>epto</strong></span> <span class='ocrx_word' id='word_1_296' title='bbox 975 3264 1078 3332; x_wconf 83' lang='lat' dir='ltr'><strong>oswar</strong></span> <span class='ocrx_word' id='word_1_297' title='bbox 1091 3262 1209 3315; x_wconf 79' lang='lat' dir='ltr'><strong>towards</strong></span> <span class='ocrx_word' id='word_1_298' title='bbox 1219 3278 1269 3315; x_wconf 84' lang='lat' dir='ltr'><strong>ose.</strong></span> <span class='ocrx_word' id='word_1_299' title='bbox 1296 3261 1361 3315; x_wconf 78' lang='lat' dir='ltr'><strong>And</strong></span> <span class='ocrx_word' id='word_1_300' title='bbox 1373 3262 1447 3331; x_wconf 82' lang='lat' dir='ltr'><strong>else·</strong></span> 
     </span>
     <span class='ocr_line' id='line_1_32' title="bbox 343 3347 1447 3421; baseline 0.001 -20"><span class='ocrx_word' id='word_1_301' title='bbox 343 3348 445 3412; x_wconf 80' lang='lat' dir='ltr'><strong>where,</strong></span> <span class='ocrx_word' id='word_1_302' title='bbox 459 3349 503 3403; x_wconf 87' lang='lat' dir='ltr'><strong>He</strong></span> <span class='ocrx_word' id='word_1_303' title='bbox 514 3351 537 3403; x_wconf 85' lang='lat' dir='ltr'><strong>is</strong></span> <span class='ocrx_word' id='word_1_304' title='bbox 549 3359 574 3402; x_wconf 93' lang='lat' dir='ltr'><strong>to</strong></span> <span class='ocrx_word' id='word_1_305' title='bbox 587 3350 615 3403; x_wconf 82' lang='lat' dir='ltr'><strong>te</strong></span> <span class='ocrx_word' id='word_1_306' title='bbox 618 3350 749 3421; x_wconf 80' lang='lat' dir='ltr'><strong>followed</strong></span> <span class='ocrx_word' id='word_1_307' title='bbox 760 3358 785 3401; x_wconf 91' lang='lat' dir='ltr'><strong>to</strong></span> <span class='ocrx_word' id='word_1_308' title='bbox 798 3349 838 3401; x_wconf 78' lang='lat' dir='ltr'><strong>uu</strong></span> <span class='ocrx_word' id='word_1_309' title='bbox 850 3348 1019 3411; x_wconf 75' lang='lat' dir='ltr'><strong>dastnectioo,</strong></span> <span class='ocrx_word' id='word_1_310' title='bbox 1030 3356 1076 3400; x_wconf 83' lang='lat' dir='ltr'><strong>sset</strong></span> <span class='ocrx_word' id='word_1_311' title='bbox 1088 3364 1120 3400; x_wconf 90' lang='lat' dir='ltr'><strong>as</strong></span> <span class='ocrx_word' id='word_1_312' title='bbox 1133 3366 1152 3399; x_wconf 88' lang='lat' dir='ltr'><strong>a</strong></span> <span class='ocrx_word' id='word_1_313' title='bbox 1163 3347 1275 3417; x_wconf 64' lang='lat' dir='ltr'><strong>sepulcr</strong></span> <span class='ocrx_word' id='word_1_314' title='bbox 1286 3362 1385 3417; x_wconf 73' lang='lat' dir='ltr'><strong>many,</strong></span> <span class='ocrx_word' id='word_1_315' title='bbox 1398 3350 1447 3402; x_wconf 84' lang='lat' dir='ltr'><strong>but</strong></span> 
     </span>
     <span class='ocr_line' id='line_1_33' title="bbox 345 3430 1445 3503; baseline 0 -16"><span class='ocrx_word' id='word_1_316' title='bbox 345 3452 376 3487; x_wconf 83' lang='lat' dir='ltr'><strong>ae</strong></span> <span class='ocrx_word' id='word_1_317' title='bbox 390 3451 429 3487; x_wconf 81' lang='lat' dir='ltr'><strong>aa</strong></span> <span class='ocrx_word' id='word_1_318' title='bbox 443 3436 559 3487; x_wconf 62' lang='lat' dir='ltr'><strong>causan</strong></span> <span class='ocrx_word' id='word_1_319' title='bbox 571 3450 603 3486; x_wconf 87' lang='lat' dir='ltr'><strong>or</strong></span> <span class='ocrx_word' id='word_1_320' title='bbox 613 3450 632 3485; x_wconf 89' lang='lat' dir='ltr'><strong>a</strong></span> <span class='ocrx_word' id='word_1_321' title='bbox 639 3434 772 3503; x_wconf 74' lang='grc' dir='ltr'><strong><em>ροίοοοοο.</em></strong></span> <span class='ocrx_word' id='word_1_322' title='bbox 809 3433 852 3486; x_wconf 87' lang='grc' dir='ltr'><strong>Το</strong></span> <span class='ocrx_word' id='word_1_323' title='bbox 867 3432 916 3486; x_wconf 91' lang='lat' dir='ltr'><strong>the</strong></span> <span class='ocrx_word' id='word_1_324' title='bbox 931 3449 1008 3487; x_wconf 80' lang='lat' dir='ltr'><strong>sume</strong></span> <span class='ocrx_word' id='word_1_325' title='bbox 1022 3433 1084 3487; x_wconf 91' lang='lat' dir='ltr'><strong>rule</strong></span> <span class='ocrx_word' id='word_1_326' title='bbox 1096 3433 1119 3487; x_wconf 84' lang='lat' dir='ltr'><strong>is</strong></span> <span class='ocrx_word' id='word_1_327' title='bbox 1135 3440 1164 3487; x_wconf 87' lang='lat' dir='ltr'><strong>to</strong></span> <span class='ocrx_word' id='word_1_328' title='bbox 1178 3432 1214 3487; x_wconf 92' lang='lat' dir='ltr'><strong>be</strong></span> <span class='ocrx_word' id='word_1_329' title='bbox 1226 3430 1354 3485; x_wconf 82' lang='lat' dir='ltr'><strong>referred</strong></span> <span class='ocrx_word' id='word_1_330' title='bbox 1370 3432 1445 3487; x_wconf 80' lang='lat' dir='ltr'><strong>whut</strong></span> 
     </span>
     <span class='ocr_line' id='line_1_34' title="bbox 344 3516 1447 3588; baseline 0 -17"><span class='ocrx_word' id='word_1_331' title='bbox 344 3519 368 3571; x_wconf 88' lang='lat' dir='ltr'><strong>is</strong></span> <span class='ocrx_word' id='word_1_332' title='bbox 380 3518 440 3571; x_wconf 85' lang='lat' dir='ltr'><strong>snid</strong></span> <span class='ocrx_word' id='word_1_333' title='bbox 450 3518 482 3571; x_wconf 86' lang='lat' dir='ltr'><strong>of</strong></span> <span class='ocrx_word' id='word_1_334' title='bbox 490 3519 625 3581; x_wconf 86' lang='lat' dir='ltr'><strong>Perseus;</strong></span> <span class='ocrx_word' id='word_1_335' title='bbox 639 3517 702 3571; x_wconf 79' lang='lat' dir='ltr'><strong>thet</strong></span> <span class='ocrx_word' id='word_1_336' title='bbox 713 3518 743 3571; x_wconf 77' lang='lat' dir='ltr'><strong>he</strong></span> <span class='ocrx_word' id='word_1_337' title='bbox 754 3518 803 3571; x_wconf 83' lang='lat' dir='ltr'><strong>did</strong></span> <span class='ocrx_word' id='word_1_338' title='bbox 813 3527 860 3571; x_wconf 81' lang='lat' dir='ltr'><strong>not</strong></span> <span class='ocrx_word' id='word_1_339' title='bbox 871 3517 948 3571; x_wconf 77' lang='lat' dir='ltr'><strong>make</strong></span> <span class='ocrx_word' id='word_1_340' title='bbox 958 3519 1218 3588; x_wconf 72' lang='lat' dir='ltr'><strong>arraapemeatssor</strong></span> <span class='ocrx_word' id='word_1_341' title='bbox 1232 3534 1251 3570; x_wconf 87' lang='lat' dir='ltr'><strong>a</strong></span> <span class='ocrx_word' id='word_1_342' title='bbox 1261 3516 1373 3587; x_wconf 71' lang='lat' dir='ltr'><strong>naulae·</strong></span> <span class='ocrx_word' id='word_1_343' title='bbox 1383 3536 1447 3571; x_wconf 86' lang='lat' dir='ltr'><strong>was·</strong></span> 
     </span>
     <span class='ocr_line' id='line_1_35' title="bbox 344 3602 1448 3673; baseline 0.004 -19"><span class='ocrx_word' id='word_1_344' title='bbox 344 3602 408 3655; x_wconf 76' lang='lat' dir='ltr'><strong>with</strong></span> <span class='ocrx_word' id='word_1_345' title='bbox 429 3618 448 3655; x_wconf 86' lang='lat' dir='ltr'><strong>a</strong></span> <span class='ocrx_word' id='word_1_346' title='bbox 466 3603 545 3672; x_wconf 72' lang='lat' dir='ltr'><strong>rapat</strong></span> <span class='ocrx_word' id='word_1_347' title='bbox 559 3602 654 3662; x_wconf 84' lang='lat' dir='ltr'><strong>miad‚·</strong></span> <span class='ocrx_word' id='word_1_348' title='bbox 673 3603 718 3655; x_wconf 80' lang='lat' dir='ltr'><strong>tut</strong></span> <span class='ocrx_word' id='word_1_349' title='bbox 737 3604 801 3657; x_wconf 79' lang='lat' dir='ltr'><strong>used</strong></span> <span class='ocrx_word' id='word_1_350' title='bbox 815 3603 856 3656; x_wconf 78' lang='lat' dir='ltr'><strong>att</strong></span> <span class='ocrx_word' id='word_1_351' title='bbox 875 3604 917 3657; x_wconf 82' lang='lat' dir='ltr'><strong>tte</strong></span> <span class='ocrx_word' id='word_1_352' title='bbox 936 3604 1097 3658; x_wconf 74' lang='lat' dir='ltr'><strong>almsdeetiae</strong></span> <span class='ocrx_word' id='word_1_353' title='bbox 1110 3613 1167 3658; x_wconf 77' lang='lat' dir='ltr'><strong>acts</strong></span> <span class='ocrx_word' id='word_1_354' title='bbox 1187 3604 1223 3673; x_wconf 88' lang='lat' dir='ltr'><strong>as</strong></span> <span class='ocrx_word' id='word_1_355' title='bbox 1237 3602 1367 3657; x_wconf 60' lang='lat' dir='ltr'><strong>assam</strong></span> <span class='ocrx_word' id='word_1_356' title='bbox 1387 3606 1448 3658; x_wconf 82' lang='lat' dir='ltr'><strong>aad</strong></span> 
     </span>
     <span class='ocr_line' id='line_1_36' title="bbox 341 3687 1447 3760; baseline 0.005 -21"><span class='ocrx_word' id='word_1_357' title='bbox 341 3687 486 3757; x_wconf 67' lang='lat' dir='ltr'><strong>pouauers.</strong></span> <span class='ocrx_word' id='word_1_358' title='bbox 525 3687 564 3740; x_wconf 86' lang='lat' dir='ltr'><strong>So</strong></span> <span class='ocrx_word' id='word_1_359' title='bbox 579 3687 701 3741; x_wconf 80' lang='lat' dir='ltr'><strong>Marcius</strong></span> <span class='ocrx_word' id='word_1_360' title='bbox 714 3688 872 3759; x_wconf 87' lang='lat' dir='ltr'><strong>Philippus,</strong></span> <span class='ocrx_word' id='word_1_361' title='bbox 885 3688 1024 3760; x_wconf 78' lang='lat' dir='ltr'><strong>referring</strong></span> <span class='ocrx_word' id='word_1_362' title='bbox 1041 3698 1071 3745; x_wconf 87' lang='lat' dir='ltr'><strong>to</strong></span> <span class='ocrx_word' id='word_1_363' title='bbox 1085 3689 1134 3744; x_wconf 90' lang='lat' dir='ltr'><strong>tho</strong></span> <span class='ocrx_word' id='word_1_364' title='bbox 1156 3706 1233 3743; x_wconf 82' lang='lat' dir='ltr'><strong>seme</strong></span> <span class='ocrx_word' id='word_1_365' title='bbox 1247 3694 1306 3742; x_wconf 85' lang='lat' dir='ltr'><strong>ecte</strong></span> <span class='ocrx_word' id='word_1_366' title='bbox 1324 3687 1358 3742; x_wconf 81' lang='lat' dir='ltr'><strong>oi</strong></span> <span class='ocrx_word' id='word_1_367' title='bbox 1374 3689 1447 3744; x_wconf 87' lang='lat' dir='ltr'><strong>Per·</strong></span> 
     </span>
     <span class='ocr_line' id='line_1_37' title="bbox 345 3771 1447 3846; baseline 0.002 -19"><span class='ocrx_word' id='word_1_368' title='bbox 345 3788 417 3835; x_wconf 81' lang='lat' dir='ltr'><strong>seue,</strong></span> <span class='ocrx_word' id='word_1_369' title='bbox 434 3771 497 3826; x_wconf 81' lang='lat' dir='ltr'><strong>thet</strong></span> <span class='ocrx_word' id='word_1_370' title='bbox 515 3773 555 3825; x_wconf 83' lang='lat' dir='ltr'><strong>all</strong></span> <span class='ocrx_word' id='word_1_371' title='bbox 569 3773 638 3827; x_wconf 79' lang='lat' dir='ltr'><strong>those</strong></span> <span class='ocrx_word' id='word_1_372' title='bbox 652 3782 707 3827; x_wconf 81' lang='lat' dir='ltr'><strong>acts</strong></span> <span class='ocrx_word' id='word_1_373' title='bbox 722 3775 806 3827; x_wconf 77' lang='lat' dir='ltr'><strong>witich</strong></span> <span class='ocrx_word' id='word_1_374' title='bbox 823 3792 890 3829; x_wconf 85' lang='lat' dir='ltr'><strong>were</strong></span> <span class='ocrx_word' id='word_1_375' title='bbox 903 3775 1010 3845; x_wconf 79' lang='lat' dir='ltr'><strong>tatesut</strong></span> <span class='ocrx_word' id='word_1_376' title='bbox 1023 3784 1049 3829; x_wconf 88' lang='grc' dir='ltr'><strong>ιο</strong></span> <span class='ocrx_word' id='word_1_377' title='bbox 1064 3776 1104 3829; x_wconf 77' lang='lat' dir='ltr'><strong>tte</strong></span> <span class='ocrx_word' id='word_1_378' title='bbox 1116 3776 1190 3846; x_wconf 73' lang='lat' dir='ltr'><strong>pods,</strong></span> <span class='ocrx_word' id='word_1_379' title='bbox 1202 3774 1233 3829; x_wconf 79' lang='lat' dir='ltr'><strong>te</strong></span> <span class='ocrx_word' id='word_1_380' title='bbox 1243 3774 1335 3829; x_wconf 78' lang='lat' dir='ltr'><strong>would</strong></span> <span class='ocrx_word' id='word_1_381' title='bbox 1339 3775 1399 3844; x_wconf 78' lang='lat' dir='ltr'><strong>sal</strong></span> <span class='ocrx_word' id='word_1_382' title='bbox 1415 3776 1447 3829; x_wconf 81' lang='lat' dir='ltr'><strong>ia</strong></span> 
     </span>
     <span class='ocr_line' id='line_1_38' title="bbox 345 3858 1446 3931; baseline 0.005 -21"><span class='ocrx_word' id='word_1_383' title='bbox 345 3858 385 3910; x_wconf 83' lang='lat' dir='ltr'><strong>tte</strong></span> <span class='ocrx_word' id='word_1_384' title='bbox 402 3859 487 3927; x_wconf 75' lang='lat' dir='ltr'><strong>sepetet</strong></span> <span class='ocrx_word' id='word_1_385' title='bbox 498 3859 583 3929; x_wconf 82' lang='lat' dir='ltr'><strong>aslis</strong></span> <span class='ocrx_word' id='word_1_386' title='bbox 591 3860 729 3929; x_wconf 72' lang='lat' dir='ltr'><strong>formose.</strong></span> <span class='ocrx_word' id='word_1_387' title='bbox 766 3859 830 3913; x_wconf 85' lang='lat' dir='ltr'><strong>And</strong></span> <span class='ocrx_word' id='word_1_388' title='bbox 845 3865 875 3915; x_wconf 85' lang='lat' dir='ltr'><strong>to</strong></span> <span class='ocrx_word' id='word_1_389' title='bbox 889 3859 939 3914; x_wconf 88' lang='lat' dir='ltr'><strong>the</strong></span> <span class='ocrx_word' id='word_1_390' title='bbox 953 3876 1031 3915; x_wconf 84' lang='lat' dir='ltr'><strong>sume</strong></span> <span class='ocrx_word' id='word_1_391' title='bbox 1042 3862 1123 3931; x_wconf 87' lang='lat' dir='ltr'><strong>point</strong></span> <span class='ocrx_word' id='word_1_392' title='bbox 1135 3860 1217 3915; x_wconf 86' lang='lat' dir='ltr'><strong>tende</strong></span> <span class='ocrx_word' id='word_1_393' title='bbox 1229 3860 1305 3913; x_wconf 81' lang='lat' dir='ltr'><strong>whut</strong></span> <span class='ocrx_word' id='word_1_394' title='bbox 1315 3859 1446 3916; x_wconf 75' lang='lat' dir='ltr'><strong>Valerius</strong></span> 
     </span>
     <span class='ocr_line' id='line_1_39' title="bbox 344 3942 1448 4017; baseline 0.005 -22"><span class='ocrx_word' id='word_1_395' title='bbox 344 3942 483 3998; x_wconf 77' lang='lat' dir='ltr'><strong>Maximus</strong></span> <span class='ocrx_word' id='word_1_396' title='bbox 495 3960 573 4015; x_wconf 78' lang='lat' dir='ltr'><strong>says:</strong></span> <span class='ocrx_word' id='word_1_397' title='bbox 592 3944 655 3999; x_wconf 86' lang='lat' dir='ltr'><strong>thut</strong></span> <span class='ocrx_word' id='word_1_398' title='bbox 669 3946 710 3999; x_wconf 79' lang='lat' dir='ltr'><strong>tlte</strong></span> <span class='ocrx_word' id='word_1_399' title='bbox 725 3945 821 4015; x_wconf 74' lang='lat' dir='ltr'><strong>killinp</strong></span> <span class='ocrx_word' id='word_1_400' title='bbox 836 3948 874 4016; x_wconf 84' lang='lat' dir='ltr'><strong>os</strong></span> <span class='ocrx_word' id='word_1_401' title='bbox 883 3946 1006 4000; x_wconf 80' lang='lat' dir='ltr'><strong>Viriatus</strong></span> <span class='ocrx_word' id='word_1_402' title='bbox 1017 3948 1130 4017; x_wconf 68' lang='grc' dir='ltr'><strong><em>ὁνοιιοιιι</em></strong></span> <span class='ocrx_word' id='word_1_403' title='bbox 1141 3964 1177 4000; x_wconf 82' lang='lat' dir='ltr'><strong>aa</strong></span> <span class='ocrx_word' id='word_1_404' title='bbox 1195 3964 1215 3999; x_wconf 89' lang='lat' dir='ltr'><strong>a</strong></span> <span class='ocrx_word' id='word_1_405' title='bbox 1228 3945 1321 3999; x_wconf 67' lang='lat' dir='ltr'><strong>death</strong></span> <span class='ocrx_word' id='word_1_406' title='bbox 1335 3962 1448 4001; x_wconf 72' lang='lat' dir='ltr'><strong>accusa·</strong></span> 
     </span>
     <span class='ocr_line' id='line_1_40' title="bbox 345 4028 1448 4104; baseline 0.002 -23"><span class='ocrx_word' id='word_1_407' title='bbox 345 4028 401 4081; x_wconf 83' lang='lat' dir='ltr'><strong>tion</strong></span> <span class='ocrx_word' id='word_1_408' title='bbox 418 4031 737 4102; x_wconf 74' lang='lat' dir='ltr'><strong>asperfidyr-apainst</strong></span> <span class='ocrx_word' id='word_1_409' title='bbox 751 4032 791 4085; x_wconf 83' lang='lat' dir='ltr'><strong>llis</strong></span> <span class='ocrx_word' id='word_1_410' title='bbox 800 4032 920 4104; x_wconf 75' lang='lat' dir='ltr'><strong>ssieseds,</strong></span> <span class='ocrx_word' id='word_1_411' title='bbox 933 4032 965 4085; x_wconf 77' lang='lat' dir='ltr'><strong>ist</strong></span> <span class='ocrx_word' id='word_1_412' title='bbox 983 4032 1041 4086; x_wconf 78' lang='lat' dir='ltr'><strong>that</strong></span> <span class='ocrx_word' id='word_1_413' title='bbox 1055 4033 1085 4086; x_wconf 79' lang='lat' dir='ltr'><strong>he</strong></span> <span class='ocrx_word' id='word_1_414' title='bbox 1099 4050 1155 4086; x_wconf 81' lang='lat' dir='ltr'><strong>was</strong></span> <span class='ocrx_word' id='word_1_415' title='bbox 1173 4032 1254 4085; x_wconf 70' lang='lat' dir='ltr'><strong>taken</strong></span> <span class='ocrx_word' id='word_1_416' title='bbox 1271 4031 1314 4101; x_wconf 81' lang='lat' dir='ltr'><strong>off</strong></span> <span class='ocrx_word' id='word_1_417' title='bbox 1330 4032 1364 4100; x_wconf 74' lang='lat' dir='ltr'><strong>by</strong></span> <span class='ocrx_word' id='word_1_418' title='bbox 1378 4034 1448 4087; x_wconf 76' lang='lat' dir='ltr'><strong>their</strong></span> 
     </span>
     <span class='ocr_line' id='line_1_41' title="bbox 346 4116 1453 4191; baseline 0.002 -22"><span class='ocrx_word' id='word_1_419' title='bbox 346 4116 598 4186; x_wconf 67' lang='lat' dir='ltr'><strong>meae-apaten</strong></span> <span class='ocrx_word' id='word_1_420' title='bbox 613 4116 743 4171; x_wconf 77' lang='lat' dir='ltr'><strong>Seruilius</strong></span> <span class='ocrx_word' id='word_1_421' title='bbox 756 4117 846 4187; x_wconf 77' lang='lat' dir='ltr'><strong>Ooepsh</strong></span> <span class='ocrx_word' id='word_1_422' title='bbox 861 4118 902 4172; x_wconf 80' lang='lat' dir='ltr'><strong>tlte</strong></span> <span class='ocrx_word' id='word_1_423' title='bbox 914 4118 1014 4182; x_wconf 73' lang='lat' dir='ltr'><strong>eonati,</strong></span> <span class='ocrx_word' id='word_1_424' title='bbox 1025 4119 1132 4172; x_wconf 75' lang='grc' dir='ltr'><strong><em>ὸοοοιιοο</em></strong></span> <span class='ocrx_word' id='word_1_425' title='bbox 1141 4120 1172 4172; x_wconf 79' lang='lat' dir='ltr'><strong>lte</strong></span> <span class='ocrx_word' id='word_1_426' title='bbox 1182 4135 1239 4171; x_wconf 82' lang='lat' dir='ltr'><strong>was</strong></span> <span class='ocrx_word' id='word_1_427' title='bbox 1253 4118 1294 4171; x_wconf 79' lang='lat' dir='ltr'><strong>tlte</strong></span> <span class='ocrx_word' id='word_1_428' title='bbox 1307 4119 1407 4171; x_wconf 67' lang='lat' dir='ltr'><strong>amtor</strong></span> <span class='ocrx_word' id='word_1_429' title='bbox 1417 4120 1453 4191; x_wconf 83' lang='lat' dir='ltr'><strong>⁰f</strong></span> 
     </span>
     <span class='ocr_line' id='line_1_42' title="bbox 346 4202 1448 4275; baseline 0.003 -19"><span class='ocrx_word' id='word_1_430' title='bbox 346 4202 397 4256; x_wconf 80' lang='lat' dir='ltr'><strong>tiis</strong></span> <span class='ocrx_word' id='word_1_431' title='bbox 415 4204 505 4266; x_wconf 84' lang='lat' dir='ltr'><strong>crime,</strong></span> <span class='ocrx_word' id='word_1_432' title='bbox 520 4203 553 4273; x_wconf 70' lang='lat' dir='ltr'><strong>ty</strong></span> <span class='ocrx_word' id='word_1_433' title='bbox 565 4202 697 4272; x_wconf 71' lang='lat' dir='ltr'><strong>arantiup</strong></span> <span class='ocrx_word' id='word_1_434' title='bbox 710 4203 845 4273; x_wconf 76' lang='lat' dir='ltr'><strong>impunity</strong></span> <span class='ocrx_word' id='word_1_435' title='bbox 863 4211 889 4256; x_wconf 92' lang='lat' dir='ltr'><strong>to</strong></span> <span class='ocrx_word' id='word_1_436' title='bbox 908 4203 949 4257; x_wconf 79' lang='lat' dir='ltr'><strong>tlte</strong></span> <span class='ocrx_word' id='word_1_437' title='bbox 968 4213 1160 4275; x_wconf 70' lang='lat' dir='ltr'><strong>perpetratam,</strong></span> <span class='ocrx_word' id='word_1_438' title='bbox 1179 4204 1237 4257; x_wconf 78' lang='lat' dir='ltr'><strong>aad</strong></span> <span class='ocrx_word' id='word_1_439' title='bbox 1256 4203 1316 4257; x_wconf 77' lang='lat' dir='ltr'><strong>thus</strong></span> <span class='ocrx_word' id='word_1_440' title='bbox 1334 4202 1385 4258; x_wconf 82' lang='lat' dir='ltr'><strong>did</strong></span> <span class='ocrx_word' id='word_1_441' title='bbox 1399 4213 1448 4259; x_wconf 81' lang='lat' dir='ltr'><strong>aot</strong></span> 
     </span>
     <span class='ocr_line' id='line_1_43' title="bbox 345 4288 702 4359; baseline -0.008 -17"><span class='ocrx_word' id='word_1_442' title='bbox 345 4306 420 4352; x_wconf 66' lang='lat' dir='ltr'><strong>earet</strong></span> <span class='ocrx_word' id='word_1_443' title='bbox 432 4290 478 4343; x_wconf 76' lang='lat' dir='ltr'><strong>but</strong></span> <span class='ocrx_word' id='word_1_444' title='bbox 492 4289 552 4359; x_wconf 73' lang='lat' dir='ltr'><strong>hay,</strong></span> <span class='ocrx_word' id='word_1_445' title='bbox 564 4304 583 4341; x_wconf 88' lang='lat' dir='ltr'><strong>a</strong></span> <span class='ocrx_word' id='word_1_446' title='bbox 595 4288 702 4357; x_wconf 75' lang='lat' dir='ltr'><strong>victory.</strong></span> 
     </span>
    </p>

    <p class='ocr_par' dir='ltr' id='par_1_6' title="bbox 345 4372 1448 4533">
     <span class='ocr_line' id='line_1_44' title="bbox 399 4372 1447 4444; baseline 0.003 -17"><span class='ocrx_word' id='word_1_447' title='bbox 399 4382 415 4427; x_wconf 79' lang='grc' dir='ltr'><strong>ὅ</strong></span> <span class='ocrx_word' id='word_1_448' title='bbox 438 4374 498 4428; x_wconf 87' lang='lat' dir='ltr'><strong>The</strong></span> <span class='ocrx_word' id='word_1_449' title='bbox 513 4390 613 4429; x_wconf 81' lang='lat' dir='ltr'><strong>resson</strong></span> <span class='ocrx_word' id='word_1_450' title='bbox 628 4373 699 4444; x_wconf 77' lang='lat' dir='ltr'><strong>why,</strong></span> <span class='ocrx_word' id='word_1_451' title='bbox 717 4373 745 4426; x_wconf 91' lang='lat' dir='ltr'><strong>in</strong></span> <span class='ocrx_word' id='word_1_452' title='bbox 761 4372 818 4429; x_wconf 88' lang='lat' dir='ltr'><strong>this</strong></span> <span class='ocrx_word' id='word_1_453' title='bbox 832 4390 905 4440; x_wconf 81' lang='lat' dir='ltr'><strong>ouse,</strong></span> <span class='ocrx_word' id='word_1_454' title='bbox 921 4391 940 4429; x_wconf 83' lang='lat' dir='ltr'><strong>s</strong></span> <span class='ocrx_word' id='word_1_455' title='bbox 957 4376 1089 4431; x_wconf 79' lang='lat' dir='ltr'><strong>different</strong></span> <span class='ocrx_word' id='word_1_456' title='bbox 1106 4376 1168 4430; x_wconf 87' lang='lat' dir='ltr'><strong>rule</strong></span> <span class='ocrx_word' id='word_1_457' title='bbox 1189 4392 1245 4430; x_wconf 77' lang='lat' dir='ltr'><strong>was</strong></span> <span class='ocrx_word' id='word_1_458' title='bbox 1262 4376 1354 4440; x_wconf 86' lang='lat' dir='ltr'><strong>mede,</strong></span> <span class='ocrx_word' id='word_1_459' title='bbox 1372 4375 1447 4431; x_wconf 82' lang='lat' dir='ltr'><strong>from</strong></span> 
     </span>
     <span class='ocr_line' id='line_1_45' title="bbox 345 4458 1448 4533; baseline 0.004 -20"><span class='ocrx_word' id='word_1_460' title='bbox 345 4458 407 4513; x_wconf 84' lang='lat' dir='ltr'><strong>that</strong></span> <span class='ocrx_word' id='word_1_461' title='bbox 426 4460 513 4515; x_wconf 82' lang='lat' dir='ltr'><strong>which</strong></span> <span class='ocrx_word' id='word_1_462' title='bbox 529 4460 648 4532; x_wconf 81' lang='lat' dir='ltr'><strong>preruils</strong></span> <span class='ocrx_word' id='word_1_463' title='bbox 668 4461 697 4513; x_wconf 87' lang='lat' dir='ltr'><strong>iu</strong></span> <span class='ocrx_word' id='word_1_464' title='bbox 712 4458 793 4515; x_wconf 88' lang='lat' dir='ltr'><strong>other</strong></span> <span class='ocrx_word' id='word_1_465' title='bbox 812 4459 907 4533; x_wconf 82' lang='lat' dir='ltr'><strong>things</strong></span> <span class='ocrx_word' id='word_1_466' title='bbox 921 4462 954 4527; x_wconf 87' lang='lat' dir='ltr'><strong>is,</strong></span> <span class='ocrx_word' id='word_1_467' title='bbox 967 4460 1031 4517; x_wconf 83' lang='lat' dir='ltr'><strong>thet</strong></span> <span class='ocrx_word' id='word_1_468' title='bbox 1048 4462 1097 4518; x_wconf 88' lang='lat' dir='ltr'><strong>the</strong></span> <span class='ocrx_word' id='word_1_469' title='bbox 1119 4462 1238 4533; x_wconf 71' lang='lat' dir='ltr'><strong>dingere</strong></span> <span class='ocrx_word' id='word_1_470' title='bbox 1258 4462 1350 4519; x_wconf 81' lang='lat' dir='ltr'><strong>which</strong></span> <span class='ocrx_word' id='word_1_471' title='bbox 1367 4461 1448 4518; x_wconf 80' lang='lat' dir='ltr'><strong>besec</strong></span> 
     </span>
    </p>
   </div>
   <div class='ocr_carea' id='block_1_5' title="bbox 0 0 1618 5125">
    <p class='ocr_par' dir='ltr' id='par_1_7' title="bbox 0 0 1618 5125">
     <span class='ocr_line' id='line_1_46' title="bbox 0 0 1618 5125; baseline 0 0"><span class='ocrx_word' id='word_1_472' title='bbox 0 0 1618 5125; x_wconf 95' lang='lat' dir='ltr'><strong> </strong></span> 
     </span>
    </p>
   </div>
  </div>
 </body>
</html>
