3225 5125
168 345 234 402 Car.
249 341 313 415 Ill.]
425 346 612 412 GENTIUM,
634 347 702 401 UBI
723 348 775 401 DE
798 348 1037 404 INDIOTIONE.
1228 337 1268 402 65

166 511 339 599 petebatur.
393 512 460 577 Imo
483 520 515 577 et
537 511 610 577 belli
634 511 667 577 in
693 512 854 599 Pyrrhum
880 511 1007 578 indictio
1031 512 1114 578 lacta
1139 520 1186 578 est
1213 512 1268 579 nni

166 611 295 676 militum
319 611 450 700 Pyrrhi,
469 610 563 697 idque
588 611 620 675 in
644 610 725 676 circo
751 610 914 689 Flaminio,
931 611 985 678 ubi
1007 612 1035 676 ia
1057 611 1144 677 miles
1164 611 1266 678 locum

164 733 267 776 emere
293 710 372 776 dieis
398 731 491 776 cause
511 710 691 797 jubebatur,
719 719 755 777 ut
784 710 912 777 Servius
941 719 1051 777 narrat
1077 712 1119 777 ad
1149 733 1264 778 nonum

164 809 327 879 AEneidos.

238 912 261 974 3
297 910 506 997 Supervaouae
537 909 761 976 observationis
794 918 829 976 et
860 911 919 976 hoc
952 918 1170 999 argumentum
1205 919 1262 990 est,

163 1009 246 1096 quod
263 1009 378 1076 bellum
396 1031 479 1097 saepe
499 1010 646 1095 utrinque
664 1009 812 1076 indictum
834 1018 892 1087 eat,
915 1018 950 1076 ut
968 1011 1263 1098 Peloponnesiacum
1276 1024 1430 1076 Theom-

164 1131 183 1174 a
200 1109 447 1198 cerepi-ensibus
469 1117 502 1175 et
524 1109 703 1188 Corinthiis,
723 1131 792 1176 enm
817 1111 859 1176 ab
877 1111 979 1176 altera
998 1120 1090 1198 parte
1113 1110 1262 1178 indictum

163 1230 229 1276 ease
245 1209 385 1276 sufficiat.

237 1310 330 1376 VIII.
381 1309 410 1374 A
428 1331 513 1375 more
527 1317 633 1377 sutem
651 1319 683 1376 et
699 1307 848 1376 institutis
865 1311 1060 1396 quorundam
1076 1311 1261 1398 populorum

163 1429 225 1474 non
241 1429 262 1474 a
274 1409 348 1494 jure
364 1409 504 1498 gentium
526 1417 608 1486 sunt,
627 1409 798 1476 ucaduceus
814 1411 900 1497 apud
918 1411 1054 1488 Graeeos,
1070 1411 1213 1500 sagmina
1229 1420 1262 1478 et

163 1507 254 1576 hesta
269 1509 441 1598 sanguinea
461 1508 545 1595 apud
570 1507 751 1596 AEquieoles
771 1509 915 1595 primum,
934 1519 967 1576 et
984 1510 1096 1576 horum
1119 1511 1262 1599 exemplo

162 1609 246 1693 apud
269 1609 437 1685 Romanos,
462 1607 652 1674 renunciatio
677 1607 821 1674 amicitie
846 1618 879 1675 et
903 1609 1059 1676 societatis
1083 1609 1109 1676 si
1134 1631 1198 1696 qua
1213 1611 1262 1676 in·

163 1707 361 1784 tereeesisset,
388 1715 459 1795 post
483 1730 535 1773 res
558 1706 708 1795 repetitas
731 1707 862 1796 triginta
885 1709 952 1774 dies
973 1709 1124 1787 solennes,
1142 1711 1261 1776 ²hestae

163 1806 263 1872 missio
288 1807 412 1884 iterum,
439 1817 471 1874 et
492 1807 555 1873 alia
577 1806 609 1874 id
634 1829 743 1896 genus,
768 1828 840 1892 quae
865 1830 935 1873 cnm
959 1808 1008 1873 his
1040 1830 1111 1894 qnoe
1135 1810 1263 1896 proprio

159 1905 238 1990 juris
262 1907 403 1996 gentium
437 1916 510 1973 sunt
541 1906 686 1973 confundi
712 1929 774 1972 non
800 1915 933 1992 oportet.
985 1909 1068 1971 Nam
1091 1916 1125 1973 et
1149 1908 1261 1974 horum

163 2027 306 2093 magnam
338 2015 460 2098 pectem
491 2029 547 2072 suo
581 2017 722 2093 tempore
753 2005 900 2093 usurpari
931 2005 1058 2070 desiisse
1089 2006 1181 2072 docet
1204 2029 1313 2073 nos

163 2106 337 2171 Arnobins:
372 2106 435 2172 imo
464 2107 531 2193 jam
563 2104 716 2173 Varronis
747 2127 816 2169 aevo
848 2105 993 2189 quaedam
1027 2104 1258 2173 emittebantur.
1273 2113 1351 2154 ΡΡΡΟΡ
1360 2115 1382 2155 st

162 2204 311 2270 Punicum
335 2205 448 2271 bellum
476 2205 601 2271 tertium
634 2203 725 2270 simul
756 2203 916 2280 indictum,
942 2203 1033 2270 simul
1057 2203 1178 2271 illatum
1203 2214 1258 2271 est.
1272 2205 1423 2310 ΜΨ·

163 2304 204 2368 Et
220 2306 375 2370 Maecenas
397 2302 497 2392 ⁷apud
521 2305 654 2371 Dionem
675 2304 817 2390 quaedam
835 2303 947 2369 horum
964 2303 1031 2370 vult
1047 2304 1175 2394 propria
1192 2327 1259 2372 esse
1271 2299 1421 2440 {ditm
1343 2301 1390 2340 ω

160 2413 259 2470 status
276 2404 442 2493 populeris.
1272 2438 1322 2475 nar.
1333 2392 1421 2478 rua.

234 2505 292 2570 IX.
345 2504 498 2572 Indiotum
519 2511 624 2571 autem
645 2501 809 2571 bellum
783 2525 812 2569 er
834 2503 887 2590 qui
906 2502 1071 2593 imperium
1091 2504 1122 2570 in
1146 2484 1329 2594 populo*

160 2662 269 2724 Sullam,
301 2678 359 2711 voce
385 2664 536 2724 Knp‘xetovc
573 2663 682 2725 inprimis
736 2660 812 2709 Vates.
826 2660 914 2721 Groa.)

159 2732 349 2795 Tanemrnau,
364 2734 417 2781 Lib.
432 2748 449 2781 1.
468 2748 521 2795 cap.
535 2736 573 2783 63.
595 2740 620 2782 et
636 2736 681 2782 ult.
777 2736 890 2784 ⁷Nescio
907 2737 956 2784 nbi.
986 2738 1054 2784 Nihil
1070 2742 1135 2785 carte
1151 2737 1176 2783 in
1196 2736 1260 2786 en-

159 2804 187 2854 J.
195 2807 239 2868 B.]
732 2812 798 2858 tione
817 2812 860 2857 iila
879 2812 938 2858 satir
957 2812 1040 2874 longa,
1060 2827 1114 2873 qun
1134 2813 1189 2861 Lib.
1201 2826 1259 2860 ιιιι.

202 2890 215 2915 ¹
230 2882 317 2929 Hartoe
333 2882 424 2943 niodo]
445 2883 508 2931 Vide
525 2882 632 2931 &nulum
650 2882 682 2929 ad
732 2886 832 2947 legitur.
863 2886 988 2946 0rIgInem
1004 2888 1092 2935 erroris
1102 2902 1132 2933 ex
1142 2901 1180 2943 eo,
1193 2888 1259 2947 quod

160 2968 197 3002 rx.
213 2958 338 3017 Enea'dos,
358 2958 427 3017 (vera.
444 2960 493 3015 5³.)
528 2957 681 3004 Ammiannm
733 2963 828 3008 Auctor
840 2967 922 3008 noster
935 2964 1029 3022 legerat
1041 2962 1106 3022 apud
1119 2962 1259 3007 hibericum

160 3043 217 3077 xix.
232 3038 257 3078 et
270 3046 324 3092 qne
337 3033 367 3078 ad
378 3044 431 3078 enm
446 3036 530 3078 nomta
543 3045 558 3079 a
572 3032 682 3079 doeusd-
734 3034 865 3093 Gentilem,
881 3038 1027 3083 ostendtmna
1041 3037 1067 3082 tn
1083 3036 1149 3083 Nota
1165 3036 1260 3083 Gallica

160 3117 200 3151 mo
206 3105 391 3167 Lindenbrogio,
399 3107 460 3167 (cap.
467 3106 493 3154 ii.
503 3120 561 3167 pag.
567 3106 619 3155 229.
630 3106 682 3155 Ed.
733 3110 839 3163 adinum
848 3110 938 3157 iocum.
967 3110 994 3157 J.
1004 3111 1036 3156 B.

162 3319 292 3375 declared
306 3338 340 3377 on
355 3340 409 3380 one
423 3326 483 3380 side
498 3325 574 3395 only.

215 3404 292 3461 VIII.
330 3408 422 3465 There
437 3427 486 3465 are
500 3427 577 3465 some
591 3409 685 3481 things
700 3409 791 3466 which
808 3409 912 3480 belong
931 3414 962 3464 to
978 3407 1026 3464 the
1040 3406 1214 3463 institutione
1228 3406 1262 3463 of

159 3492 265 3547 certain
277 3494 395 3559 natione,
404 3503 455 3551 not
464 3501 494 3551 to
506 3495 554 3551 the
564 3497 631 3549 Lau
642 3496 675 3551 oi
682 3498 803 3552 Nations
814 3497 844 3549 ln
856 3495 985 3566 genereth
999 3512 1030 3550 ae
1042 3494 1091 3550 the
1104 3493 1258 3560 Oadnceus,

159 3594 190 3631 or
207 3578 337 3634 Herald’s
351 3581 402 3635 rod
418 3598 521 3653 among
534 3581 584 3637 tho
604 3582 710 3637 Greeks
719 3602 727 3648 ι
744 3582 795 3638 ιΙιο
812 3582 938 3653 aepmiac
950 3580 1061 3649 (secred
1079 3578 1185 3647 herbe.)
1200 3580 1258 3635 and

157 3662 260 3737 bloody
273 3681 365 3737 spear,
376 3683 479 3739 among
491 3668 539 3723 tho
551 3667 693 3738 Equicoloe
707 3674 737 3722 et
749 3669 818 3731 first,
831 3668 887 3722 and
899 3667 948 3723 the
959 3668 1094 3740 adoption
1107 3667 1141 3721 of
1151 3666 1208 3722 thie
1219 3667 1258 3738 hy

157 3748 205 3803 the
216 3751 359 3817 Romanu
377 3752 427 3807 the
441 3754 636 3809 renunciation
654 3753 687 3808 of
702 3753 859 3825 iriendahip
874 3754 930 3808 end
944 3754 1073 3819 allionoe,
1088 3752 1114 3806 if
1127 3769 1182 3824 any
1200 3750 1258 3809 had

156 3836 262 3891 existed
268 3856 277 3902 ς
294 3837 343 3893 the
355 3838 442 3911 thirty
453 3838 606 3911 appointed
618 3838 686 3911 days
697 3840 772 3895 aiter
781 3839 831 3894 the
842 3840 964 3894 demand
975 3840 1009 3893 of
1019 3840 1193 3903 restitution3
1207 3838 1257 3894 the

156 3922 275 3993 sending
295 3923 329 3977 of
344 3923 394 3979 the
415 3942 497 3996 spear
514 3943 532 3980 a
552 3925 657 3981 second
674 3926 742 3981 time
752 3946 760 3990 ;
782 3925 838 3979 and
858 3924 940 3979 other
957 3925 1140 3980 observances
1159 3924 1192 3979 of
1206 3923 1257 3981 the

155 4022 232 4062 same
245 4008 324 4073 kind,
337 4010 427 4065 which
443 4027 492 4065 nre
506 4019 557 4067 not
572 4020 602 4067 to
616 4011 653 4066 be
668 4011 847 4066 confounded
859 4010 927 4065 with
938 4011 1033 4082 things
1049 4010 1139 4066 which
1153 4010 1256 4083 belong

156 4098 185 4146 to
199 4092 249 4148 tho
260 4094 327 4149 nav
342 4096 376 4149 oi
386 4096 508 4151 Nations
522 4098 552 4150 in
567 4094 691 4169 general.
729 4098 786 4151 For
800 4096 940 4155 Arnobius
955 4097 1072 4152 informs
1087 4114 1119 4151 na
1131 4097 1195 4151 that
1206 4096 1256 4151 the

155 4187 268 4247 greater
280 4186 346 4251 part
365 4182 399 4235 oi
416 4181 497 4237 thoee
514 4182 608 4254 things
624 4182 680 4238 hed
701 4182 801 4239 ceeeed
818 4189 849 4238 to
862 4183 900 4238 be
913 4182 1053 4255 practised
1067 4184 1097 4237 in
1111 4183 1155 4236 his
1169 4182 1255 4246 time;

155 4264 209 4318 and
222 4281 293 4320 aren
302 4267 331 4319 in
342 4267 392 4322 the
402 4285 454 4339 age
464 4270 498 4324 of
506 4270 597 4323 Varro
609 4285 687 4325 aomo
699 4286 771 4325 were
781 4269 908 4325 omitted.
939 4269 1000 4325 The
1012 4268 1089 4323 third
1097 4268 1188 4321 Punic
1198 4282 1256 4319 war

155 4364 210 4403 ras
230 4351 361 4409 deciared
383 4354 439 4408 and
458 4356 637 4410 commeneed
658 4362 688 4410 at
707 4356 756 4411 the
779 4372 857 4411 eame
874 4356 951 4411 time.
989 4354 1054 4408 And
1072 4355 1211 4407 Murenae
1225 4351 1258 4407 in

156 4433 211 4489 Dio
222 4435 304 4494 holds
316 4439 379 4494 that
391 4456 469 4495 some
481 4442 515 4495 of
525 4440 605 4497 these
617 4440 720 4512 belong
734 4442 885 4513 especially
896 4449 926 4497 to
941 4458 959 4495 a
971 4439 1090 4512 popular
1104 4442 1185 4492 state.

208 4522 261 4578 IX.
299 4524 396 4581 haar
416 4526 545 4581 deciared
567 4528 676 4598 against
687 4526 747 4583 him
760 4527 823 4584 who
836 4527 888 4582 hae
903 4526 952 4582 the
966 4539 1098 4595 supreme
1112 4522 1257 4596 authority

256 4650 372 4739 [οοοο.
388 4656 451 4745 ιο]
