3225 5125
161 334 281 403 cml]
325 334 499 390 REGULAE
522 334 750 389 cunualdus
772 334 827 389 EX
847 334 946 390 JURE
967 335 1149 391 NATURAE.
1224 330 1267 389 23

164 496 280 597 σοφός·
306 500 481 567 mentietur
496 501 627 585 eapierm
643 521 680 564 re
694 509 847 583 arpenta:
869 495 923 562 ubi
940 505 974 563 et
989 518 1031 563 ex
1048 498 1212 566 Herodoto
1232 508 1266 567 et
1279 516 1323 556 m
1333 516 1400 560 utra

166 604 304 669 Isocrate
320 598 497 667 testimonie
513 597 626 664 adfert.

239 702 280 767 X.
325 702 345 765 1
381 700 460 765 Tem
489 696 702 763 dissidentium
734 696 957 764 sententiarum
987 696 1158 764 conciliatio
1182 699 1265 767 forte

164 803 270 890 aliqua
289 798 423 889 reperiri
444 797 561 885 poterit
577 818 617 862 ex
633 796 769 887 largiore
786 805 842 863 aut
860 796 1017 863 strictiore
1038 798 1191 864 mendacii
1212 822 1265 865 ac-
1278 814 1412 898 nppffi

165 902 318 991 ceptione.
369 900 480 985 Neque
497 897 578 963 euim
594 897 644 963 hic
666 897 860 963 mendacium
880 897 1028 962 sumimus
1044 901 1216 985 ¹quetcnus
1232 908 1265 966 et
1292 887 1364 955 'mle
1414 886 1420 897 ’

165 998 356 1090 imprudenti
390 997 511 1075 accidit,
540 997 693 1083 quomodo
722 996 916 1064 mendacium
945 996 1049 1064 dicere
1078 1007 1112 1063 et
1142 1000 1266 1065 mentiri

166 1102 252 1189 apud
266 1099 402 1166 Gellium
419 1098 653 1164 discernuntur:
678 1096 734 1163 sed
759 1096 799 1163 de
826 1118 863 1162 eo
888 1096 1009 1185 egimus
1026 1098 1108 1183 quod
1133 1098 1266 1165 scienter
1279 1108 1410 1150 ΟΜΝ·

166 1202 328 1290 protertur
344 1219 413 1264 cum
435 1195 658 1286 significatione
674 1217 745 1282 quoe
762 1195 874 1261 mentis
891 1197 1062 1283 conceptui,
1083 1197 1199 1263 sivein
1221 1197 1268 1264 in-

168 1299 348 1389 telligendo,
373 1297 440 1363 sive
464 1295 661 1373 involando,
688 1295 908 1361 disconveniat.
960 1297 1043 1362 Nam
1061 1298 1144 1383 quod
1167 1298 1267 1383 primo

170 1406 223 1469 :nl
249 1396 375 1481 ᾰμέσιος
401 1396 505 1463 verbis
531 1406 564 1463 et
590 1394 740 1461 similibus
765 1395 847 1461 uotis
871 1395 1034 1473 indicatur,
1060 1405 1133 1463 sunt
1157 1398 1269 1464 mentis

167 1510 354 1587 conceptus:
379 1497 510 1583 ideoque
533 1516 597 1561 non
612 1494 761 1561 mentitur
778 1494 833 1582 qui
858 1494 932 1561 dicit
951 1517 1019 1560 rem
1042 1495 1152 1562 falsam
1175 1519 1269 1584 quam

168 1622 278 1666 veram
295 1596 462 1673 existimat,
487 1594 543 1661 sed
566 1594 620 1683 qui
636 1594 711 1660 dicit
732 1616 799 1659 rem
817 1616 924 1661 veram
943 1595 1078 1681 quidem,
1104 1597 1160 1662 sed
1176 1620 1268 1684 quam

171 1700 279 1765 salsam
303 1705 403 1785 putet,
429 1696 587 1763 mentitur.
641 1693 881 1783 significationis
906 1716 983 1784 ergo
1011 1696 1130 1762 falsitas
1155 1697 1190 1761 id
1222 1705 1270 1762 est

171 1799 255 1885 quod
269 1798 311 1864 ad
328 1818 518 1863 communem
535 1794 687 1861 mendacii
709 1803 852 1860 naturam
870 1793 1062 1880 requirimus.
1116 1796 1175 1861 cci
1199 1818 1271 1861 con-

170 1920 302 1985 sequens
322 1906 379 1975 est,
403 1918 472 1962 cum
489 1918 551 1961 vox
572 1894 677 1982 aliqua
699 1904 755 1960 aut
777 1894 928 1959 sermonis
947 1894 1118 1981 complexio
1141 1904 1190 1960 est
1211 1926 1271 1963 πο-

172 1994 326 2080 λόσημος,
346 1995 452 2073 idest,
473 1995 578 2083 plures
594 2017 656 2061 uno
673 1992 864 2083 significatus
880 1991 1028 2069 admittit,
1045 1992 1111 2058 eive
1128 2016 1169 2058 ex
1185 1994 1272 2083 vulgi

173 2120 241 2175 usu,
263 2098 328 2163 sive
345 2120 386 2162 ex
403 2094 480 2162 artie
498 2093 726 2168 consuetudine,
744 2092 812 2157 sive
829 2114 869 2157 ex
886 2090 987 2181 figura
1008 2092 1112 2178 aliqua
1128 2092 1273 2181 intelligi-

163 2188 239 2273 bili,
262 2195 375 2262 tunesi
392 2194 486 2260 animi
511 2202 675 2280 conceptus
698 2191 751 2257 uni
770 2190 900 2258 istarum
923 2190 1180 2279 significationum
1201 2214 1273 2258 con-

173 2304 276 2384 gruat,
297 2318 361 2361 non
385 2292 509 2361 admitti
530 2292 734 2368 mendacium,
759 2291 900 2358 yetiaruei
917 2300 1048 2377 putetur
1069 2290 1165 2378 isqui
1185 2293 1274 2359 audit

172 2396 205 2460 iu
221 2396 314 2461 uliam
331 2402 451 2483 partem
468 2393 502 2459 id
518 2400 710 2479 accepturus.
1006 2378 1018 2400 ⁸

247 2496 268 2559 2
298 2495 417 2562 Verum
434 2491 558 2580 quidem
576 2500 624 2557 est
641 2491 734 2557 talem
751 2490 937 2555 locutionem
958 2500 1138 2579 usurpatam
1156 2501 1275 2559 temere

174 2617 236 2662 non
252 2594 464 2682 probandam:
491 2592 546 2659 sed
563 2600 666 2679 potest
685 2614 725 2657 cx
747 2592 963 2657 accedentibus
980 2594 1079 2658 causis
1095 2592 1274 2660 honestari:

174 2758 196 2802 2.
208 2755 245 2802 ed.
255 2753 302 2814 B.]
318 2758 344 2801 et
353 2751 494 2800 Enctiridii
508 2765 561 2811 cap.
574 2753 611 2797 18.
626 2750 703 2797 relate
750 2749 795 2804 sio,
812 2749 861 2807 (De
877 2750 971 2797 Amet.
982 2765 1034 2811 cap.
1046 2751 1070 2810 8)
1083 2765 1155 2811 quem
1168 2752 1277 2812 sequitur

172 2825 701 2887 aGretienoineamamxxrr.anestieuaii.
752 2825 884 2872 Gratianus
909 2830 965 2886 post
989 2841 1011 2872 e.
1031 2828 1054 2872 rt
1073 2828 1188 2888 pumicea
1211 2827 1278 2874 dicta

174 2907 291 2965 cap.3‚4.
750 2913 824 2946 causa
839 2913 909 2946 1111.
930 2907 1018 2960 quest.
1027 2901 1051 2948 ii.
1068 2916 1121 2964 cap.
1132 2906 1170 2950 20.
1207 2901 1277 2963 [Plus

220 2987 230 3023 r
250 2979 357 3026 Etiamsi
371 2981 469 3038 petetur
487 2975 509 3021 ie
527 2975 570 3035 pei
588 2973 658 3021 audit
676 2973 703 3019 in
750 2981 787 3022 est
798 2977 824 3021 in
834 2976 880 3022 hoe
889 2975 1007 3035 exemplo,
1016 2991 1088 3036 quum
1096 2979 1190 3025 Auctor
1198 2981 1278 3037 putat.

176 3055 251 3101 utinm
261 3058 355 3114 partera
368 3052 396 3099 id
410 3049 701 3111 moeprenthuomodo
751 3050 799 3097 Sed
816 3051 847 3097 de
864 3065 893 3097 eo
906 3051 983 3096 insius
999 3053 1087 3110 agendi
1102 3053 1169 3099 locus
1188 3053 1236 3100 fuit
1252 3052 1278 3098 in

177 3129 301 3175 Abraham
311 3127 416 3188 captiose
428 3125 573 3185 loquebatur
584 3139 637 3170 cum
652 3137 702 3171 ser-
753 3124 825 3171 Notis
834 3125 922 3174 uostris
934 3125 1041 3173 Gallicis.
1071 3127 1098 3173 J.
1108 3128 1151 3187 B.]

179 3203 252 3256 vulis,
261 3203 298 3247 ita
303 3201 424 3261 judicante
434 3205 461 3246 et
470 3199 588 3260 prebente
599 3199 704 3245 Ambro-

531 3316 539 3321 .
566 3315 693 3323 --..--—-.

181 3397 272 3455 which
286 3400 309 3456 is
323 3401 481 3476 huovingly
494 3402 607 3458 uttored
622 3402 689 3457 with
704 3419 721 3456 a
735 3400 867 3473 meaning
881 3399 972 3454 which
986 3399 1009 3454 is
1023 3403 1054 3454 et
1069 3399 1199 3455 verience
1213 3400 1281 3455 with

180 3487 229 3541 the
241 3489 407 3560 conception
421 3488 454 3543 oi
465 3488 513 3543 the
529 3487 615 3553 mind,
630 3488 765 3544 citherae
784 3495 816 3542 to
832 3487 908 3542 erhat
922 3487 945 3542 it
959 3485 1147 3541 understands
1161 3502 1194 3542 or
1207 3504 1239 3542 as
1251 3494 1281 3542 to

180 3571 254 3627 what
278 3574 301 3628 it
323 3573 401 3628 ville.
446 3575 503 3629 For
523 3573 586 3629 thet
604 3573 696 3628 which
719 3575 742 3629 ia
760 3574 906 3646 primarily
923 3572 980 3628 end
1001 3571 1194 3646 immediately
1210 3574 1282 3628 indi-

180 3659 262 3714 cated
274 3657 312 3730 by
328 3659 417 3714 vords
428 3659 484 3714 aud
496 3659 545 3715 the
556 3659 614 3715 like
625 3660 709 3731 signs,
722 3660 746 3716 ia
758 3660 807 3714 the
819 3661 986 3731 conception
1001 3659 1034 3713 of
1042 3657 1092 3713 the
1106 3660 1184 3714 mind
1195 3679 1204 3725 ς
1225 3660 1282 3715 and

180 3744 324 3800 therefore
343 3743 380 3799 he
395 3745 462 3800 does
483 3751 534 3800 not
547 3745 585 3801 lie
599 3745 662 3800 who
683 3762 745 3818 says
759 3762 777 3800 e
789 3744 871 3816 thing
884 3745 975 3799 which
993 3746 1017 3798 is
1034 3744 1178 3810 ichabot
1192 3745 1283 3800 which

180 3831 217 3886 he
231 3830 354 3886 believes
368 3835 399 3885 to
410 3831 447 3886 be
460 3837 524 3886 true
532 3849 540 3897 ;
556 3831 612 3886 end
624 3831 660 3886 he
672 3831 739 3886 does
751 3831 789 3886 lie
801 3831 864 3887 vhe
878 3847 941 3903 says
954 3848 973 3884 a
984 3830 1065 3901 thing
1077 3829 1165 3886 which
1181 3831 1284 3886 istrue

181 3915 271 3971 vhich
280 3915 317 3970 he
332 3916 453 3973 believes
465 3923 495 3972 to
507 3917 543 3973 be
553 3917 632 3972 ialse.
668 3917 823 3972 Thereiore
837 3916 887 3972 tbe
904 3916 999 3988 falsity
1011 3916 1046 3970 of
1057 3916 1106 3971 the
1117 3918 1249 3988 meaning
1260 3918 1284 3971 is

182 4001 257 4059 what
273 4018 313 4057 ve
324 4003 436 4073 require
451 4009 482 4058 to
494 4003 543 4059 the
551 4018 680 4058 common
692 4003 791 4057 notion
805 4002 839 4057 oi
847 4019 865 4056 a
876 4003 923 4057 lie.
947 4002 1033 4056 From
1040 4001 1130 4058 which
1142 4005 1166 4058 it
1177 4003 1285 4058 follows

182 4087 245 4143 thet
264 4087 291 4142 ii
305 4104 362 4159 any
379 4089 456 4143 word
469 4106 501 4145 cr
516 4089 618 4160 phrase
629 4087 700 4143 have
714 4089 823 4143 several
834 4089 1043 4160 significatione,
1055 4089 1147 4144 either
1158 4090 1196 4161 by
1209 4105 1284 4143 com-

182 4189 250 4228 mon
267 4189 363 4246 usage,
376 4190 409 4228 or
423 4175 599 4246 technically‚
622 4192 655 4229 or
672 4174 857 4247 flgnrratively‚
877 4174 947 4229 then
961 4175 987 4229 if
998 4174 1047 4229 the
1061 4176 1242 4246 conceptione
1255 4173 1290 4228 oi

183 4259 232 4314 tho
244 4260 323 4315 mind
335 4261 462 4315 conform
475 4267 505 4316 to
517 4277 571 4316 one
584 4260 617 4315 of
628 4260 707 4316 these
719 4261 927 4332 significatione,
938 4259 1019 4316 there
1032 4262 1054 4314 is
1069 4278 1107 4315 no
1121 4261 1167 4324 lic,
1179 4258 1287 4329 though

184 4345 220 4400 he
232 4345 294 4401 vrhc
306 4345 389 4402 hears
401 4348 424 4401 it
439 4349 518 4402 takes
534 4347 599 4402 itin
613 4346 740 4401 another.
897 4339 902 4346 ’

245 4439 262 4484 2
284 4432 343 4488 But
358 4432 414 4487 still
435 4434 459 4487 it
479 4434 502 4488 is
517 4439 580 4489 true
594 4433 657 4488 that
671 4431 740 4488 such
761 4450 779 4488 a
795 4432 879 4489 mode
894 4434 928 4487 of
938 4433 1081 4504 speaking,
1096 4427 1196 4498 lightly
1210 4427 1288 4493 used,

185 4517 275 4572 isnot
291 4525 320 4573 to
339 4518 376 4574 be
396 4518 539 4591 approved
555 4520 587 4574 oi
595 4540 604 4585 ;
621 4518 766 4590 although,
780 4519 856 4572 from
874 4518 1030 4572 occidental
1052 4531 1157 4578 causes,
1179 4517 1202 4568 it
1223 4532 1288 4588 may
