<?xml version="1.0" encoding="UTF-8"?>
<!DOCTYPE html PUBLIC "-//W3C//DTD XHTML 1.0 Transitional//EN"
    "http://www.w3.org/TR/xhtml1/DTD/xhtml1-transitional.dtd">
<html xmlns="http://www.w3.org/1999/xhtml" xml:lang="en" lang="en">
 <head>
  <title>
</title>
<meta http-equiv="Content-Type" content="text/html;charset=utf-8" />
  <meta name='ocr-system' content='tesseract 3.04.00' />
  <meta name='ocr-capabilities' content='ocr_page ocr_carea ocr_par ocr_line ocrx_word'/>
</head>
<body>
  <div class='ocr_page' id='page_1' title='image "./hugonisgrotiide09barbgoog_0214.png"; bbox 0 0 3225 5125; ppageno 0'>
   <div class='ocr_carea' id='block_1_1' title="bbox 182 342 1285 418">
    <p class='ocr_par' dir='ltr' id='par_1_1' title="bbox 182 342 1285 418">
     <span class='ocr_line' id='line_1_1' title="bbox 182 342 1285 418; baseline 0.002 -11"><span class='ocrx_word' id='word_1_1' title='bbox 182 350 253 408; x_wconf 70' lang='lat' dir='ltr'><strong>cnr.</strong></span> <span class='ocrx_word' id='word_1_2' title='bbox 266 342 335 418; x_wconf 80' lang='lat' dir='ltr'><strong>XL]</strong></span> <span class='ocrx_word' id='word_1_3' title='bbox 413 346 710 403; x_wconf 74' lang='lat' dir='ltr'><strong>INTERFIclENDI</strong></span> <span class='ocrx_word' id='word_1_4' title='bbox 730 348 775 403; x_wconf 87' lang='lat' dir='ltr'><strong>IN</strong></span> <span class='ocrx_word' id='word_1_5' title='bbox 794 348 921 406; x_wconf 81' lang='lat' dir='ltr'>BELLO</span> <span class='ocrx_word' id='word_1_6' title='bbox 942 351 1074 409; x_wconf 73' lang='lat' dir='ltr'><strong>custo.</strong></span> <span class='ocrx_word' id='word_1_7' title='bbox 1222 343 1285 409; x_wconf 88' lang='grc'><strong>199</strong></span> 
     </span>
    </p>
   </div>
   <div class='ocr_carea' id='block_1_2' title="bbox 176 512 1451 2986">
    <p class='ocr_par' dir='ltr' id='par_1_2' title="bbox 176 512 1451 1992">
     <span class='ocr_line' id='line_1_2' title="bbox 181 512 1286 604; baseline -0.003 -19"><span class='ocrx_word' id='word_1_8' title='bbox 181 513 384 604; x_wconf 70' lang='lat' dir='ltr'>susceperint,</span> <span class='ocrx_word' id='word_1_9' title='bbox 406 512 537 580; x_wconf 81' lang='lat' dir='ltr'><strong>ferenda</strong></span> <span class='ocrx_word' id='word_1_10' title='bbox 552 534 677 601; x_wconf 87' lang='lat' dir='ltr'><strong>quoque</strong></span> <span class='ocrx_word' id='word_1_11' title='bbox 693 514 734 580; x_wconf 88' lang='lat' dir='ltr'><strong>ab</strong></span> <span class='ocrx_word' id='word_1_12' title='bbox 750 512 825 602; x_wconf 89' lang='lat' dir='ltr'><strong>ipsis</strong></span> <span class='ocrx_word' id='word_1_13' title='bbox 841 514 915 581; x_wconf 90' lang='lat' dir='ltr'><strong>belli</strong></span> <span class='ocrx_word' id='word_1_14' title='bbox 932 516 1022 581; x_wconf 87' lang='lat' dir='ltr'><strong>mala</strong></span> <span class='ocrx_word' id='word_1_15' title='bbox 1074 514 1286 583; x_wconf 85' lang='lat' dir='ltr'><strong>Infortuneto-</strong></span> 
     </span>
     <span class='ocr_line' id='line_1_3' title="bbox 181 612 1287 703; baseline -0.003 -19"><span class='ocrx_word' id='word_1_16' title='bbox 181 639 253 684; x_wconf 88' lang='lat' dir='ltr'><strong>rum</strong></span> <span class='ocrx_word' id='word_1_17' title='bbox 275 612 452 701; x_wconf 86' lang='lat' dir='ltr'><strong>exemplum</strong></span> <span class='ocrx_word' id='word_1_18' title='bbox 472 621 545 679; x_wconf 91' lang='lat' dir='ltr'><strong>sunt</strong></span> <span class='ocrx_word' id='word_1_19' title='bbox 568 613 622 689; x_wconf 89' lang='lat' dir='ltr'><strong>illi,</strong></span> <span class='ocrx_word' id='word_1_20' title='bbox 648 612 702 699; x_wconf 89' lang='lat' dir='ltr'><strong>qui</strong></span> <span class='ocrx_word' id='word_1_21' title='bbox 723 635 787 678; x_wconf 93' lang='lat' dir='ltr'><strong>non</strong></span> <span class='ocrx_word' id='word_1_22' title='bbox 811 613 916 680; x_wconf 86' lang='lat' dir='ltr'><strong>hostili</strong></span> <span class='ocrx_word' id='word_1_23' title='bbox 944 614 1047 681; x_wconf 88' lang='lat' dir='ltr'><strong>animo</strong></span> <span class='ocrx_word' id='word_1_24' title='bbox 1072 616 1156 703; x_wconf 92' lang='lat' dir='ltr'><strong>apud</strong></span> <span class='ocrx_word' id='word_1_25' title='bbox 1181 617 1287 682; x_wconf 90' lang='lat' dir='ltr'><strong>hostes</strong></span> 
     </span>
     <span class='ocr_line' id='line_1_4' title="bbox 181 709 1286 801; baseline 0.001 -19"><span class='ocrx_word' id='word_1_26' title='bbox 181 724 264 791; x_wconf 81' lang='lat' dir='ltr'><strong>nunt,</strong></span> <span class='ocrx_word' id='word_1_27' title='bbox 289 714 399 801; x_wconf 85' lang='lat' dir='ltr'><strong>quales</strong></span> <span class='ocrx_word' id='word_1_28' title='bbox 419 710 627 779; x_wconf 76' lang='lat' dir='ltr'>Athenienses</span> <span class='ocrx_word' id='word_1_29' title='bbox 648 711 840 800; x_wconf 78' lang='lat' dir='ltr'><strong>temporibus</strong></span> <span class='ocrx_word' id='word_1_30' title='bbox 860 709 1091 791; x_wconf 79' lang='lat' dir='ltr'><strong>Mithridaticis,</strong></span> <span class='ocrx_word' id='word_1_31' title='bbox 1117 714 1286 801; x_wconf 89' lang='lat' dir='ltr'><strong>dequibus</strong></span> 
     </span>
     <span class='ocr_line' id='line_1_5' title="bbox 181 808 1413 901; baseline -0.001 -19"><span class='ocrx_word' id='word_1_32' title='bbox 181 814 227 882; x_wconf 91' lang='lat' dir='ltr'><strong>sic</strong></span> <span class='ocrx_word' id='word_1_33' title='bbox 245 814 385 901; x_wconf 90' lang='lat' dir='ltr'><strong>loquitur</strong></span> <span class='ocrx_word' id='word_1_34' title='bbox 401 808 541 879; x_wconf 79' lang='lat' dir='ltr'><strong>Velleius</strong></span> <span class='ocrx_word' id='word_1_35' title='bbox 559 812 760 879; x_wconf 80' lang='lat' dir='ltr'><strong>Paterculus:</strong></span> <span class='ocrx_word' id='word_1_36' title='bbox 783 814 816 878; x_wconf 85' lang='lat' dir='ltr'><strong>si</strong></span> <span class='ocrx_word' id='word_1_37' title='bbox 834 815 908 899; x_wconf 80' lang='lat' dir='ltr'><strong>quis</strong></span> <span class='ocrx_word' id='word_1_38' title='bbox 928 815 987 880; x_wconf 81' lang='lat' dir='ltr'><strong>hoc</strong></span> <span class='ocrx_word' id='word_1_39' title='bbox 1009 815 1191 881; x_wconf 82' lang='lat' dir='ltr'><strong>rebellandi</strong></span> <span class='ocrx_word' id='word_1_40' title='bbox 1211 828 1285 881; x_wconf 83' lang='lat' dir='ltr'><strong>tem</strong></span> <span class='ocrx_word' id='word_1_41' title='bbox 1297 832 1413 873; x_wconf 68' lang='lat' dir='ltr'><strong>nsum</strong></span> 
     </span>
     <span class='ocr_line' id='line_1_6' title="bbox 176 913 1286 1002; baseline 0 -23"><span class='ocrx_word' id='word_1_42' title='bbox 176 937 253 1002; x_wconf 81' lang='lat' dir='ltr'><strong>pas,</strong></span> <span class='ocrx_word' id='word_1_43' title='bbox 271 936 334 1001; x_wconf 85' lang='lat' dir='ltr'><strong>quo</strong></span> <span class='ocrx_word' id='word_1_44' title='bbox 348 913 487 979; x_wconf 77' lang='lat' dir='ltr'><strong>Attene</strong></span> <span class='ocrx_word' id='word_1_45' title='bbox 501 922 699 998; x_wconf 78' lang='lat' dir='ltr'><strong>oppugnetur</strong></span> <span class='ocrx_word' id='word_1_46' title='bbox 719 935 744 977; x_wconf 85' lang='lat' dir='ltr'><strong>c</strong></span> <span class='ocrx_word' id='word_1_47' title='bbox 759 914 861 979; x_wconf 82' lang='lat' dir='ltr'><strong>Sulla</strong></span> <span class='ocrx_word' id='word_1_48' title='bbox 881 925 966 991; x_wconf 83' lang='lat' dir='ltr'><strong>eunt,</strong></span> <span class='ocrx_word' id='word_1_49' title='bbox 989 916 1133 1001; x_wconf 84' lang='lat' dir='ltr'><strong>imputet</strong></span> <span class='ocrx_word' id='word_1_50' title='bbox 1149 916 1286 981; x_wconf 79' lang='lat' dir='ltr'><strong>Atheni-</strong></span> 
     </span>
     <span class='ocr_line' id='line_1_7' title="bbox 183 1013 1332 1098; baseline -0.002 -17"><span class='ocrx_word' id='word_1_51' title='bbox 183 1016 320 1089; x_wconf 79' lang='lat' dir='ltr'><strong>ensibus,</strong></span> <span class='ocrx_word' id='word_1_52' title='bbox 345 1014 485 1078; x_wconf 82' lang='lat' dir='ltr'><strong>nimium</strong></span> <span class='ocrx_word' id='word_1_53' title='bbox 508 1013 579 1077; x_wconf 81' lang='lat' dir='ltr'><strong>ueri</strong></span> <span class='ocrx_word' id='word_1_54' title='bbox 599 1013 831 1095; x_wconf 82' lang='lat' dir='ltr'><strong>uetustatispue</strong></span> <span class='ocrx_word' id='word_1_55' title='bbox 851 1015 991 1098; x_wconf 73' lang='lat' dir='ltr'><strong>ignarus</strong></span> <span class='ocrx_word' id='word_1_56' title='bbox 1010 1025 1079 1079; x_wconf 82' lang='lat' dir='ltr'><strong>est:</strong></span> <span class='ocrx_word' id='word_1_57' title='bbox 1104 1016 1185 1079; x_wconf 83' lang='lat' dir='ltr'><strong>adeo</strong></span> <span class='ocrx_word' id='word_1_58' title='bbox 1201 1016 1286 1080; x_wconf 84' lang='lat' dir='ltr'><strong>euim</strong></span> <span class='ocrx_word' id='word_1_59' title='bbox 1328 1060 1332 1067; x_wconf 86' lang='lat'>-</span> 
     </span>
     <span class='ocr_line' id='line_1_8' title="bbox 184 1111 1287 1198; baseline -0.001 -18"><span class='ocrx_word' id='word_1_60' title='bbox 184 1126 276 1181; x_wconf 83' lang='lat' dir='ltr'><strong>certa</strong></span> <span class='ocrx_word' id='word_1_61' title='bbox 289 1111 535 1178; x_wconf 68' lang='lat' dir='ltr'><strong>Atheniensium</strong></span> <span class='ocrx_word' id='word_1_62' title='bbox 550 1112 589 1175; x_wconf 82' lang='lat' dir='ltr'><strong>in</strong></span> <span class='ocrx_word' id='word_1_63' title='bbox 607 1112 772 1177; x_wconf 83' lang='lat' dir='ltr'><strong>Romanos</strong></span> <span class='ocrx_word' id='word_1_64' title='bbox 790 1114 875 1195; x_wconf 80' lang='lat' dir='ltr'><strong>fides</strong></span> <span class='ocrx_word' id='word_1_65' title='bbox 890 1114 975 1197; x_wconf 71' lang='lat' dir='ltr'><strong>ficit,</strong></span> <span class='ocrx_word' id='word_1_66' title='bbox 998 1125 1036 1177; x_wconf 88' lang='lat' dir='ltr'><strong>ut</strong></span> <span class='ocrx_word' id='word_1_67' title='bbox 1052 1135 1174 1198; x_wconf 85' lang='lat' dir='ltr'><strong>semper</strong></span> <span class='ocrx_word' id='word_1_68' title='bbox 1196 1125 1226 1179; x_wconf 88' lang='lat' dir='ltr'><strong>ct</strong></span> <span class='ocrx_word' id='word_1_69' title='bbox 1249 1115 1287 1179; x_wconf 82' lang='lat' dir='ltr'><strong>in</strong></span> 
     </span>
     <span class='ocr_line' id='line_1_9' title="bbox 184 1210 1286 1296; baseline -0.001 -17"><span class='ocrx_word' id='word_1_70' title='bbox 184 1214 274 1279; x_wconf 80' lang='lat' dir='ltr'><strong>muni</strong></span> <span class='ocrx_word' id='word_1_71' title='bbox 288 1234 334 1288; x_wconf 89' lang='lat' dir='ltr'><strong>re,</strong></span> <span class='ocrx_word' id='word_1_72' title='bbox 358 1211 519 1296; x_wconf 76' lang='lat' dir='ltr'><strong>quiequid</strong></span> <span class='ocrx_word' id='word_1_73' title='bbox 532 1210 663 1275; x_wconf 80' lang='lat' dir='ltr'><strong>sincera</strong></span> <span class='ocrx_word' id='word_1_74' title='bbox 668 1212 739 1293; x_wconf 81' lang='lat' dir='ltr'><strong>fide</strong></span> <span class='ocrx_word' id='word_1_75' title='bbox 758 1223 933 1296; x_wconf 73' lang='lat' dir='ltr'><strong>gereretur,</strong></span> <span class='ocrx_word' id='word_1_76' title='bbox 957 1214 996 1277; x_wconf 83' lang='lat' dir='ltr'><strong>id</strong></span> <span class='ocrx_word' id='word_1_77' title='bbox 1010 1212 1155 1279; x_wconf 82' lang='lat' dir='ltr'><strong>Romani</strong></span> <span class='ocrx_word' id='word_1_78' title='bbox 1169 1214 1286 1279; x_wconf 81' lang='lat' dir='ltr'><strong>Attica</strong></span> 
     </span>
     <span class='ocr_line' id='line_1_10' title="bbox 176 1310 1287 1399; baseline 0.001 -22"><span class='ocrx_word' id='word_1_79' title='bbox 176 1314 256 1396; x_wconf 81' lang='lat' dir='ltr'><strong>fieri</strong></span> <span class='ocrx_word' id='word_1_80' title='bbox 266 1312 499 1397; x_wconf 70' lang='lat' dir='ltr'><strong>predicarent.</strong></span> <span class='ocrx_word' id='word_1_81' title='bbox 541 1310 690 1375; x_wconf 82' lang='lat' dir='ltr'><strong>Ceterum</strong></span> <span class='ocrx_word' id='word_1_82' title='bbox 707 1321 776 1375; x_wconf 84' lang='lat' dir='ltr'><strong>tum</strong></span> <span class='ocrx_word' id='word_1_83' title='bbox 791 1313 938 1399; x_wconf 84' lang='lat' dir='ltr'><strong>oppressi</strong></span> <span class='ocrx_word' id='word_1_84' title='bbox 949 1310 1165 1378; x_wconf 78' lang='lat' dir='ltr'><strong>Mithridatis</strong></span> <span class='ocrx_word' id='word_1_85' title='bbox 1181 1314 1287 1378; x_wconf 67' lang='lat' dir='ltr'><strong>ermes</strong></span> 
     </span>
     <span class='ocr_line' id='line_1_11' title="bbox 183 1410 1285 1491; baseline -0.002 -14"><span class='ocrx_word' id='word_1_86' title='bbox 183 1413 326 1477; x_wconf 71' lang='lat' dir='ltr'><strong>masso</strong></span> <span class='ocrx_word' id='word_1_87' title='bbox 340 1410 532 1475; x_wconf 66' lang='lat' dir='ltr'><strong>miserrimus</strong></span> <span class='ocrx_word' id='word_1_88' title='bbox 553 1410 758 1485; x_wconf 83' lang='lat' dir='ltr'><strong>conditionis,</strong></span> <span class='ocrx_word' id='word_1_89' title='bbox 784 1432 858 1477; x_wconf 86' lang='lat' dir='ltr'><strong>cum</strong></span> <span class='ocrx_word' id='word_1_90' title='bbox 874 1411 1080 1477; x_wconf 80' lang='lat' dir='ltr'><strong>etinimicis</strong></span> <span class='ocrx_word' id='word_1_91' title='bbox 1096 1423 1285 1491; x_wconf 84' lang='lat' dir='ltr'><strong>tenerentur,</strong></span> 
     </span>
     <span class='ocr_line' id='line_1_12' title="bbox 184 1507 1287 1597; baseline 0.003 -25"><span class='ocrx_word' id='word_1_92' title='bbox 184 1510 462 1596; x_wconf 70' lang='lat' dir='ltr'><strong>oppugnabantur</strong></span> <span class='ocrx_word' id='word_1_93' title='bbox 478 1507 522 1573; x_wconf 84' lang='lat' dir='ltr'><strong>ab</strong></span> <span class='ocrx_word' id='word_1_94' title='bbox 539 1508 666 1584; x_wconf 80' lang='lat' dir='ltr'><strong>amics&#39;s,</strong></span> <span class='ocrx_word' id='word_1_95' title='bbox 683 1519 714 1573; x_wconf 86' lang='lat' dir='ltr'><strong>et</strong></span> <span class='ocrx_word' id='word_1_96' title='bbox 729 1511 858 1575; x_wconf 85' lang='lat' dir='ltr'><strong>animos</strong></span> <span class='ocrx_word' id='word_1_97' title='bbox 876 1521 972 1575; x_wconf 80' lang='lat' dir='ltr'><strong>curra</strong></span> <span class='ocrx_word' id='word_1_98' title='bbox 989 1512 1121 1586; x_wconf 83' lang='lat' dir='ltr'><strong>moenia,</strong></span> <span class='ocrx_word' id='word_1_99' title='bbox 1147 1532 1287 1597; x_wconf 78' lang='lat' dir='ltr'><strong>corpora</strong></span> 
     </span>
     <span class='ocr_line' id='line_1_13' title="bbox 182 1608 1286 1696; baseline 0 -21"><span class='ocrx_word' id='word_1_100' title='bbox 182 1609 367 1675; x_wconf 71' lang='lat' dir='ltr'><strong>nmmsitati</strong></span> <span class='ocrx_word' id='word_1_101' title='bbox 387 1608 559 1674; x_wconf 80' lang='lat' dir='ltr'><strong>servientes</strong></span> <span class='ocrx_word' id='word_1_102' title='bbox 576 1609 668 1671; x_wconf 81' lang='lat' dir='ltr'><strong>iutro</strong></span> <span class='ocrx_word' id='word_1_103' title='bbox 689 1629 797 1674; x_wconf 84' lang='lat' dir='ltr'><strong>muros</strong></span> <span class='ocrx_word' id='word_1_104' title='bbox 815 1609 1001 1675; x_wconf 79' lang='lat' dir='ltr'><strong>habebunt.-</strong></span> <span class='ocrx_word' id='word_1_105' title='bbox 1025 1630 1096 1695; x_wconf 77' lang='lat' dir='ltr'><strong>que</strong></span> <span class='ocrx_word' id='word_1_106' title='bbox 1120 1630 1195 1696; x_wconf 89' lang='lat' dir='ltr'><strong>pars</strong></span> <span class='ocrx_word' id='word_1_107' title='bbox 1216 1630 1286 1696; x_wconf 92' lang='lat' dir='ltr'><strong>pos-</strong></span> 
     </span>
     <span class='ocr_line' id='line_1_14' title="bbox 183 1704 1451 1793; baseline -0.001 -19"><span class='ocrx_word' id='word_1_108' title='bbox 183 1717 285 1775; x_wconf 76' lang='lat' dir='ltr'><strong>trema</strong></span> <span class='ocrx_word' id='word_1_109' title='bbox 301 1729 342 1773; x_wconf 83' lang='lat' dir='ltr'><strong>ex</strong></span> <span class='ocrx_word' id='word_1_110' title='bbox 359 1705 449 1772; x_wconf 83' lang='lat' dir='ltr'><strong>Livio</strong></span> <span class='ocrx_word' id='word_1_111' title='bbox 468 1713 571 1771; x_wconf 87' lang='lat' dir='ltr'><strong>sumta</strong></span> <span class='ocrx_word' id='word_1_112' title='bbox 586 1704 687 1772; x_wconf 81' lang='lat' dir='ltr'><strong>rideri</strong></span> <span class='ocrx_word' id='word_1_113' title='bbox 705 1714 819 1792; x_wconf 89' lang='lat' dir='ltr'><strong>potest,</strong></span> <span class='ocrx_word' id='word_1_114' title='bbox 834 1708 919 1793; x_wconf 90' lang='lat' dir='ltr'><strong>apud</strong></span> <span class='ocrx_word' id='word_1_115' title='bbox 938 1728 1030 1793; x_wconf 90' lang='lat' dir='ltr'><strong>quem</strong></span> <span class='ocrx_word' id='word_1_116' title='bbox 1051 1706 1192 1774; x_wconf 81' lang='lat' dir='ltr'><strong>Indibilis</strong></span> <span class='ocrx_word' id='word_1_117' title='bbox 1209 1707 1286 1773; x_wconf 85' lang='lat' dir='ltr'><strong>His-</strong></span> <span class='ocrx_word' id='word_1_118' title='bbox 1297 1710 1451 1761; x_wconf 52' lang='lat' dir='ltr'><strong>numeru.</strong></span> 
     </span>
     <span class='ocr_line' id='line_1_15' title="bbox 183 1804 1286 1895; baseline -0.002 -22"><span class='ocrx_word' id='word_1_119' title='bbox 183 1827 283 1893; x_wconf 86' lang='lat' dir='ltr'><strong>panus</strong></span> <span class='ocrx_word' id='word_1_120' title='bbox 308 1826 419 1893; x_wconf 91' lang='lat' dir='ltr'><strong>corpus</strong></span> <span class='ocrx_word' id='word_1_121' title='bbox 442 1804 598 1871; x_wconf 75' lang='lat' dir='ltr'><strong>duntaxat</strong></span> <span class='ocrx_word' id='word_1_122' title='bbox 621 1825 710 1871; x_wconf 89' lang='lat' dir='ltr'><strong>suum</strong></span> <span class='ocrx_word' id='word_1_123' title='bbox 732 1805 817 1891; x_wconf 86' lang='lat' dir='ltr'><strong>apud</strong></span> <span class='ocrx_word' id='word_1_124' title='bbox 842 1804 1123 1895; x_wconf 77' lang='lat' dir='ltr'><strong>Carthaginienses,</strong></span> <span class='ocrx_word' id='word_1_125' title='bbox 1149 1805 1286 1874; x_wconf 89' lang='lat' dir='ltr'><strong>animum</strong></span> 
     </span>
     <span class='ocr_line' id='line_1_16' title="bbox 184 1902 623 1992; baseline -0.002 -21"><span class='ocrx_word' id='word_1_126' title='bbox 184 1906 271 1992; x_wconf 89' lang='lat' dir='ltr'><strong>apud</strong></span> <span class='ocrx_word' id='word_1_127' title='bbox 286 1907 443 1970; x_wconf 88' lang='lat' dir='ltr'><strong>Romanos</strong></span> <span class='ocrx_word' id='word_1_128' title='bbox 458 1902 505 1969; x_wconf 86' lang='lat' dir='ltr'><strong>ait</strong></span> <span class='ocrx_word' id='word_1_129' title='bbox 520 1902 623 1970; x_wconf 84' lang='lat' dir='ltr'><strong>fuisse</strong></span> 
     </span>
    </p>

    <p class='ocr_par' dir='ltr' id='par_1_3' title="bbox 183 2000 1436 2986">
     <span class='ocr_line' id='line_1_17' title="bbox 260 2000 1422 2105; baseline 0.002 -34"><span class='ocrx_word' id='word_1_130' title='bbox 260 2006 283 2071; x_wconf 84' lang='lat'><em>2</em></span> <span class='ocrx_word' id='word_1_131' title='bbox 316 2006 497 2080; x_wconf 77' lang='lat' dir='ltr'><strong>Nimimm,</strong></span> <span class='ocrx_word' id='word_1_132' title='bbox 523 2009 560 2068; x_wconf 92' lang='lat' dir='ltr'><strong>ut</strong></span> <span class='ocrx_word' id='word_1_133' title='bbox 579 2001 626 2069; x_wconf 88' lang='lat' dir='ltr'><strong>ait</strong></span> <span class='ocrx_word' id='word_1_134' title='bbox 649 2000 768 2084; x_wconf 85' lang='lat' dir='ltr'><strong>Cicero,</strong></span> <span class='ocrx_word' id='word_1_135' title='bbox 792 2026 908 2081; x_wconf 84' lang='lat' dir='ltr'><strong>omues,</strong></span> <span class='ocrx_word' id='word_1_136' title='bbox 932 2026 1067 2091; x_wconf 84' lang='lat' dir='ltr'><strong>quorum</strong></span> <span class='ocrx_word' id='word_1_137' title='bbox 1091 2008 1128 2070; x_wconf 86' lang='lat' dir='ltr'><strong>in</strong></span> <span class='ocrx_word' id='word_1_138' title='bbox 1149 2006 1287 2073; x_wconf 63' lang='lat' dir='ltr'><strong>ateius</strong></span> <span class='ocrx_word' id='word_1_139' title='bbox 1298 2018 1422 2105; x_wconf 47' lang='lat' dir='ltr'><strong>mosia</strong></span> 
     </span>
     <span class='ocr_line' id='line_1_18' title="bbox 183 2104 1287 2189; baseline 0.003 -21"><span class='ocrx_word' id='word_1_140' title='bbox 183 2127 284 2171; x_wconf 78' lang='lat' dir='ltr'><strong>mauu</strong></span> <span class='ocrx_word' id='word_1_141' title='bbox 299 2105 372 2171; x_wconf 83' lang='lat' dir='ltr'><strong>rita</strong></span> <span class='ocrx_word' id='word_1_142' title='bbox 378 2106 494 2189; x_wconf 80' lang='lat' dir='ltr'><strong>positu</strong></span> <span class='ocrx_word' id='word_1_143' title='bbox 508 2114 565 2180; x_wconf 84' lang='lat' dir='ltr'><strong>cst,</strong></span> <span class='ocrx_word' id='word_1_144' title='bbox 585 2104 706 2187; x_wconf 72' lang='lat' dir='ltr'><strong>sepius</strong></span> <span class='ocrx_word' id='word_1_145' title='bbox 729 2105 884 2188; x_wconf 72' lang='lat' dir='ltr'><strong>cogitant,</strong></span> <span class='ocrx_word' id='word_1_146' title='bbox 908 2106 991 2187; x_wconf 82' lang='lat' dir='ltr'><strong>quid</strong></span> <span class='ocrx_word' id='word_1_147' title='bbox 1001 2106 1109 2189; x_wconf 79' lang='lat' dir='ltr'><strong>possit</strong></span> <span class='ocrx_word' id='word_1_148' title='bbox 1129 2106 1169 2182; x_wconf 84' lang='lat' dir='ltr'><strong>is,</strong></span> <span class='ocrx_word' id='word_1_149' title='bbox 1193 2106 1287 2188; x_wconf 77' lang='lat' dir='ltr'><strong>cujus</strong></span> 
     </span>
     <span class='ocr_line' id='line_1_19' title="bbox 184 2204 1287 2288; baseline 0.002 -20"><span class='ocrx_word' id='word_1_150' title='bbox 184 2206 222 2269; x_wconf 84' lang='lat' dir='ltr'><strong>in</strong></span> <span class='ocrx_word' id='word_1_151' title='bbox 237 2206 361 2271; x_wconf 82' lang='lat' dir='ltr'><strong>ditione</strong></span> <span class='ocrx_word' id='word_1_152' title='bbox 375 2224 418 2269; x_wconf 86' lang='lat' dir='ltr'><strong>ac</strong></span> <span class='ocrx_word' id='word_1_153' title='bbox 426 2213 589 2288; x_wconf 84' lang='lat' dir='ltr'><strong>potestate</strong></span> <span class='ocrx_word' id='word_1_154' title='bbox 600 2214 688 2278; x_wconf 83' lang='lat' dir='ltr'><strong>suat,</strong></span> <span class='ocrx_word' id='word_1_155' title='bbox 707 2224 807 2287; x_wconf 84' lang='lat' dir='ltr'><strong>quam</strong></span> <span class='ocrx_word' id='word_1_156' title='bbox 820 2205 902 2288; x_wconf 73' lang='lat' dir='ltr'><strong>quiet</strong></span> <span class='ocrx_word' id='word_1_157' title='bbox 917 2204 1031 2269; x_wconf 82' lang='lat' dir='ltr'><strong>debeat</strong></span> <span class='ocrx_word' id='word_1_158' title='bbox 1037 2206 1164 2288; x_wconf 83' lang='lat' dir='ltr'><strong>facere.</strong></span> <span class='ocrx_word' id='word_1_159' title='bbox 1198 2204 1287 2270; x_wconf 84' lang='lat' dir='ltr'><strong>idem</strong></span> 
     </span>
     <span class='ocr_line' id='line_1_20' title="bbox 184 2300 1287 2391; baseline -0.002 -22"><span class='ocrx_word' id='word_1_160' title='bbox 184 2324 244 2389; x_wconf 88' lang='lat' dir='ltr'><strong>pro</strong></span> <span class='ocrx_word' id='word_1_161' title='bbox 261 2300 406 2391; x_wconf 82' lang='lat' dir='ltr'><strong>Ligario:</strong></span> <span class='ocrx_word' id='word_1_162' title='bbox 432 2302 567 2368; x_wconf 85' lang='lat' dir='ltr'><strong>tertium</strong></span> <span class='ocrx_word' id='word_1_163' title='bbox 583 2313 630 2367; x_wconf 84' lang='lat' dir='ltr'><strong>cst</strong></span> <span class='ocrx_word' id='word_1_164' title='bbox 646 2312 779 2386; x_wconf 82' lang='lat' dir='ltr'><strong>tempus,</strong></span> <span class='ocrx_word' id='word_1_165' title='bbox 797 2323 859 2384; x_wconf 85' lang='lat' dir='ltr'><strong>quo</strong></span> <span class='ocrx_word' id='word_1_166' title='bbox 869 2315 948 2387; x_wconf 88' lang='lat' dir='ltr'><strong>post</strong></span> <span class='ocrx_word' id='word_1_167' title='bbox 964 2304 1138 2369; x_wconf 57' lang='lat' dir='ltr'><strong>ducatum</strong></span> <span class='ocrx_word' id='word_1_168' title='bbox 1156 2304 1236 2367; x_wconf 83' lang='lat' dir='ltr'><strong>Vari</strong></span> <span class='ocrx_word' id='word_1_169' title='bbox 1250 2303 1287 2368; x_wconf 87' lang='lat' dir='ltr'><strong>iu</strong></span> 
     </span>
     <span class='ocr_line' id='line_1_21' title="bbox 184 2401 1287 2488; baseline -0.001 -20"><span class='ocrx_word' id='word_1_170' title='bbox 184 2404 307 2488; x_wconf 73' lang='lat' dir='ltr'><strong>Africo</strong></span> <span class='ocrx_word' id='word_1_171' title='bbox 321 2402 465 2469; x_wconf 82' lang='lat' dir='ltr'><strong>restitit:</strong></span> <span class='ocrx_word' id='word_1_172' title='bbox 490 2401 577 2486; x_wconf 83' lang='lat' dir='ltr'><strong>quod</strong></span> <span class='ocrx_word' id='word_1_173' title='bbox 597 2401 629 2466; x_wconf 87' lang='lat' dir='ltr'><strong>ei</strong></span> <span class='ocrx_word' id='word_1_174' title='bbox 645 2412 692 2466; x_wconf 87' lang='lat' dir='ltr'><strong>est</strong></span> <span class='ocrx_word' id='word_1_175' title='bbox 708 2403 928 2479; x_wconf 79' lang='lat' dir='ltr'><strong>criminosum,</strong></span> <span class='ocrx_word' id='word_1_176' title='bbox 947 2404 1148 2469; x_wconf 69' lang='lat' dir='ltr'><strong>necessitatis</strong></span> <span class='ocrx_word' id='word_1_177' title='bbox 1165 2404 1287 2468; x_wconf 76' lang='lat' dir='ltr'><strong>mimen</strong></span> 
     </span>
     <span class='ocr_line' id='line_1_22' title="bbox 183 2498 1287 2584; baseline -0.002 -14"><span class='ocrx_word' id='word_1_178' title='bbox 183 2515 239 2581; x_wconf 83' lang='lat' dir='ltr'><strong>cst,</strong></span> <span class='ocrx_word' id='word_1_179' title='bbox 259 2524 326 2568; x_wconf 85' lang='lat' dir='ltr'><strong>nou</strong></span> <span class='ocrx_word' id='word_1_180' title='bbox 340 2501 528 2568; x_wconf 73' lang='lat' dir='ltr'><strong>colomario.</strong></span> <span class='ocrx_word' id='word_1_181' title='bbox 579 2498 685 2584; x_wconf 85' lang='lat' dir='ltr'><strong>Atque</strong></span> <span class='ocrx_word' id='word_1_182' title='bbox 700 2499 760 2565; x_wconf 91' lang='lat' dir='ltr'><strong>hoc</strong></span> <span class='ocrx_word' id='word_1_183' title='bbox 776 2508 900 2566; x_wconf 90' lang='lat' dir='ltr'><strong>secutus</strong></span> <span class='ocrx_word' id='word_1_184' title='bbox 916 2507 964 2567; x_wconf 90' lang='lat' dir='ltr'><strong>cst</strong></span> <span class='ocrx_word' id='word_1_185' title='bbox 985 2500 1129 2568; x_wconf 78' lang='lat' dir='ltr'><strong>Julianus</strong></span> <span class='ocrx_word' id='word_1_186' title='bbox 1143 2500 1177 2567; x_wconf 92' lang='lat' dir='ltr'><strong>in</strong></span> <span class='ocrx_word' id='word_1_187' title='bbox 1193 2521 1287 2568; x_wconf 87' lang='lat' dir='ltr'><strong>cuusa</strong></span> 
     </span>
     <span class='ocr_line' id='line_1_23' title="bbox 183 2597 1436 2689; baseline -0.002 -22"><span class='ocrx_word' id='word_1_188' title='bbox 183 2598 436 2689; x_wconf 82' lang='lat' dir='ltr'><strong>Aquileiensium,</strong></span> <span class='ocrx_word' id='word_1_189' title='bbox 459 2606 540 2665; x_wconf 90' lang='lat' dir='ltr'><strong>teste</strong></span> <span class='ocrx_word' id='word_1_190' title='bbox 555 2597 730 2674; x_wconf 82' lang='lat' dir='ltr'><strong>Ammiano,</strong></span> <span class='ocrx_word' id='word_1_191' title='bbox 753 2598 807 2685; x_wconf 91' lang='lat' dir='ltr'><strong>qui</strong></span> <span class='ocrx_word' id='word_1_192' title='bbox 829 2621 898 2664; x_wconf 90' lang='lat' dir='ltr'><strong>cum</strong></span> <span class='ocrx_word' id='word_1_193' title='bbox 916 2621 1085 2686; x_wconf 88' lang='lat' dir='ltr'><strong>paucorum</strong></span> <span class='ocrx_word' id='word_1_194' title='bbox 1105 2599 1286 2688; x_wconf 89' lang='lat' dir='ltr'><strong>supplicium</strong></span> <span class='ocrx_word' id='word_1_195' title='bbox 1298 2608 1436 2650; x_wconf 55' lang='lat' dir='ltr'><strong>tunult-</strong></span> 
     </span>
     <span class='ocr_line' id='line_1_24' title="bbox 184 2697 1287 2786; baseline -0.002 -20"><span class='ocrx_word' id='word_1_196' title='bbox 184 2707 352 2778; x_wconf 74' lang='lat' dir='ltr'><strong>nammset,</strong></span> <span class='ocrx_word' id='word_1_197' title='bbox 381 2697 506 2785; x_wconf 74' lang='lat' dir='ltr'><strong>adjicite</strong></span> <span class='ocrx_word' id='word_1_198' title='bbox 525 2699 652 2762; x_wconf 83' lang='lat' dir='ltr'><strong>residui</strong></span> <span class='ocrx_word' id='word_1_199' title='bbox 677 2720 783 2764; x_wconf 75' lang='lat' dir='ltr'><strong>emises</strong></span> <span class='ocrx_word' id='word_1_200' title='bbox 808 2699 960 2765; x_wconf 71' lang='lat' dir='ltr'><strong>adimunt</strong></span> <span class='ocrx_word' id='word_1_201' title='bbox 984 2702 1122 2786; x_wconf 78' lang='lat' dir='ltr'><strong>innecii,</strong></span> <span class='ocrx_word' id='word_1_202' title='bbox 1148 2722 1226 2786; x_wconf 80' lang='lat' dir='ltr'><strong>quoe</strong></span> <span class='ocrx_word' id='word_1_203' title='bbox 1249 2701 1287 2764; x_wconf 83' lang='lat' dir='ltr'><strong>iu</strong></span> 
     </span>
     <span class='ocr_line' id='line_1_25' title="bbox 184 2796 1287 2883; baseline -0.002 -19"><span class='ocrx_word' id='word_1_204' title='bbox 184 2801 397 2864; x_wconf 75' lang='lat' dir='ltr'><strong>certaminum</strong></span> <span class='ocrx_word' id='word_1_205' title='bbox 420 2797 545 2862; x_wconf 81' lang='lat' dir='ltr'><strong>rabiem</strong></span> <span class='ocrx_word' id='word_1_206' title='bbox 574 2798 763 2863; x_wconf 80' lang='lat' dir='ltr'><strong>cnecessitas</strong></span> <span class='ocrx_word' id='word_1_207' title='bbox 790 2809 909 2883; x_wconf 78' lang='lat' dir='ltr'><strong>sperat,</strong></span> <span class='ocrx_word' id='word_1_208' title='bbox 940 2821 1004 2863; x_wconf 87' lang='lat' dir='ltr'><strong>non</strong></span> <span class='ocrx_word' id='word_1_209' title='bbox 1028 2800 1187 2866; x_wconf 84' lang='lat' dir='ltr'><strong>uoluntas.</strong></span> <span class='ocrx_word' id='word_1_210' title='bbox 1234 2796 1287 2862; x_wconf 81' lang='lat' dir='ltr'><strong>Ad</strong></span> 
     </span>
     <span class='ocr_line' id='line_1_26' title="bbox 184 2893 1405 2986; baseline -0.001 -24"><span class='ocrx_word' id='word_1_211' title='bbox 184 2896 378 2986; x_wconf 73' lang='lat' dir='ltr'><strong>Thucydidis</strong></span> <span class='ocrx_word' id='word_1_212' title='bbox 402 2894 504 2960; x_wconf 90' lang='lat' dir='ltr'><strong>locum</strong></span> <span class='ocrx_word' id='word_1_213' title='bbox 532 2893 573 2959; x_wconf 92' lang='lat' dir='ltr'><strong>de</strong></span> <span class='ocrx_word' id='word_1_214' title='bbox 602 2893 843 2982; x_wconf 76' lang='lat' dir='ltr'><strong>corcyrensium</strong></span> <span class='ocrx_word' id='word_1_215' title='bbox 873 2894 1003 2980; x_wconf 80' lang='lat' dir='ltr'><strong>captiuis</strong></span> <span class='ocrx_word' id='word_1_216' title='bbox 1031 2895 1166 2962; x_wconf 83' lang='lat' dir='ltr'><strong>venditis</strong></span> <span class='ocrx_word' id='word_1_217' title='bbox 1196 2904 1405 2962; x_wconf 65' lang='lat' dir='ltr'><strong>recusuri-u</strong></span> 
     </span>
    </p>
   </div>
   <div class='ocr_carea' id='block_1_3' title="bbox 184 3067 1287 3357">
    <p class='ocr_par' dir='ltr' id='par_1_4' title="bbox 184 3067 1287 3357">
     <span class='ocr_line' id='line_1_27' title="bbox 184 3067 1287 3134; baseline -0.015 -2"><span class='ocrx_word' id='word_1_218' title='bbox 184 3075 247 3134; x_wconf 73' lang='lat' dir='ltr'><strong>nter</strong></span> <span class='ocrx_word' id='word_1_219' title='bbox 259 3071 461 3134; x_wconf 63' lang='lat' dir='ltr'><strong>dvss&#39;rxwds&#39;mt</strong></span> <span class='ocrx_word' id='word_1_220' title='bbox 473 3067 631 3126; x_wconf 63' lang='lat' dir='ltr'><strong>dulmene,</strong></span> <span class='ocrx_word' id='word_1_221' title='bbox 646 3084 709 3129; x_wconf 71' lang='grc' dir='ltr'><strong>συγ-</strong></span> <span class='ocrx_word' id='word_1_222' title='bbox 757 3068 835 3116; x_wconf 87' lang='lat' dir='ltr'><strong>Paulo</strong></span> <span class='ocrx_word' id='word_1_223' title='bbox 845 3067 1018 3114; x_wconf 85' lang='lat' dir='ltr'><strong>sententiarum</strong></span> <span class='ocrx_word' id='word_1_224' title='bbox 1028 3081 1053 3117; x_wconf 76' lang='lat' dir='ltr'><strong>u.</strong></span> <span class='ocrx_word' id='word_1_225' title='bbox 1070 3069 1109 3115; x_wconf 87' lang='lat' dir='ltr'><strong>tit.</strong></span> <span class='ocrx_word' id='word_1_226' title='bbox 1118 3070 1140 3117; x_wconf 92' lang='lat'><strong>1.</strong></span> <span class='ocrx_word' id='word_1_227' title='bbox 1155 3068 1170 3129; x_wconf 62' lang='grc' dir='ltr'>ξ</span> <span class='ocrx_word' id='word_1_228' title='bbox 1182 3070 1205 3116; x_wconf 90' lang='lat'><strong>1.</strong></span> <span class='ocrx_word' id='word_1_229' title='bbox 1221 3073 1287 3116; x_wconf 83' lang='lat' dir='ltr'><strong>certe</strong></span> 
     </span>
     <span class='ocr_line' id='line_1_28' title="bbox 185 3141 1286 3210; baseline -0.008 -14"><span class='ocrx_word' id='word_1_230' title='bbox 185 3149 284 3210; x_wconf 74' lang='grc' dir='ltr'><strong><em>γνόμην</em></strong></span> <span class='ocrx_word' id='word_1_231' title='bbox 297 3148 357 3209; x_wconf 74' lang='grc' dir='ltr'><strong>ἔχω·</strong></span> <span class='ocrx_word' id='word_1_232' title='bbox 372 3148 467 3208; x_wconf 74' lang='lat' dir='ltr'><strong>iquosw</strong></span> <span class='ocrx_word' id='word_1_233' title='bbox 485 3146 542 3202; x_wconf 81' lang='lat' dir='ltr'><strong>illis,</strong></span> <span class='ocrx_word' id='word_1_234' title='bbox 561 3145 603 3204; x_wconf 78' lang='lat' dir='ltr'><strong>qui</strong></span> <span class='ocrx_word' id='word_1_235' title='bbox 619 3144 709 3204; x_wconf 67' lang='lat' dir='ltr'><strong>defea-</strong></span> <span class='ocrx_word' id='word_1_236' title='bbox 759 3143 831 3198; x_wconf 88' lang='lat' dir='ltr'><strong>enim,</strong></span> <span class='ocrx_word' id='word_1_237' title='bbox 844 3147 873 3188; x_wconf 88' lang='lat' dir='ltr'><strong>ut</strong></span> <span class='ocrx_word' id='word_1_238' title='bbox 887 3141 1000 3201; x_wconf 72' lang='lat' dir='ltr'><strong>synesius</strong></span> <span class='ocrx_word' id='word_1_239' title='bbox 1013 3141 1055 3200; x_wconf 80' lang='lat' dir='ltr'><strong>nit,</strong></span> <span class='ocrx_word' id='word_1_240' title='bbox 1072 3141 1286 3202; x_wconf 75' lang='grc' dir='ltr'>Ισχνρόνᾶνᾶγκη</span> 
     </span>
     <span class='ocr_line' id='line_1_29' title="bbox 185 3214 1287 3282; baseline -0.01 -12"><span class='ocrx_word' id='word_1_241' title='bbox 185 3228 241 3269; x_wconf 79' lang='lat' dir='ltr'><strong>mt</strong></span> <span class='ocrx_word' id='word_1_242' title='bbox 256 3237 273 3269; x_wconf 81' lang='lat' dir='ltr'><strong><em>a</em></strong></span> <span class='ocrx_word' id='word_1_243' title='bbox 287 3222 363 3279; x_wconf 76' lang='lat' dir='ltr'><strong>meis,</strong></span> <span class='ocrx_word' id='word_1_244' title='bbox 379 3225 473 3282; x_wconf 64' lang='lat' dir='ltr'><strong>eugenie</strong></span> <span class='ocrx_word' id='word_1_245' title='bbox 489 3219 560 3266; x_wconf 71' lang='lat' dir='ltr'><strong>hoste.</strong></span> <span class='ocrx_word' id='word_1_246' title='bbox 592 3218 708 3266; x_wconf 83' lang='lat' dir='ltr'><strong>Contem-</strong></span> <span class='ocrx_word' id='word_1_247' title='bbox 758 3217 867 3275; x_wconf 72' lang='grc' dir='ltr'>πρᾶγμα</span> <span class='ocrx_word' id='word_1_248' title='bbox 885 3215 926 3260; x_wconf 77' lang='lat' dir='ltr'><strong>sul</strong></span> <span class='ocrx_word' id='word_1_249' title='bbox 941 3214 1033 3272; x_wconf 70' lang='grc' dir='ltr'>βίαιον·</span> <span class='ocrx_word' id='word_1_250' title='bbox 1053 3229 1092 3261; x_wconf 76' lang='lat' dir='ltr'><strong>ret</strong></span> <span class='ocrx_word' id='word_1_251' title='bbox 1108 3221 1142 3261; x_wconf 76' lang='lat' dir='ltr'><strong>eti</strong></span> <span class='ocrx_word' id='word_1_252' title='bbox 1158 3216 1242 3262; x_wconf 80' lang='lat' dir='ltr'><strong>valida</strong></span> <span class='ocrx_word' id='word_1_253' title='bbox 1256 3229 1287 3262; x_wconf 81' lang='lat' dir='ltr'><strong>ac</strong></span> 
     </span>
     <span class='ocr_line' id='line_1_30' title="bbox 184 3287 1286 3357; baseline -0.009 -12"><span class='ocrx_word' id='word_1_254' title='bbox 184 3297 260 3357; x_wconf 85' lang='lat' dir='ltr'><strong>plstic</strong></span> <span class='ocrx_word' id='word_1_255' title='bbox 271 3301 385 3344; x_wconf 66' lang='lat' dir='ltr'><strong>auem</strong></span> <span class='ocrx_word' id='word_1_256' title='bbox 397 3293 545 3342; x_wconf 69' lang='lat' dir='ltr'><strong>nscenitutis</strong></span> <span class='ocrx_word' id='word_1_257' title='bbox 558 3292 610 3339; x_wconf 74' lang='lat' dir='ltr'><strong>hmo</strong></span> <span class='ocrx_word' id='word_1_258' title='bbox 622 3291 711 3337; x_wconf 86' lang='lat' dir='ltr'><strong>dicitur</strong></span> <span class='ocrx_word' id='word_1_259' title='bbox 758 3289 861 3335; x_wconf 82' lang='lat' dir='ltr'><strong>uiolenta</strong></span> <span class='ocrx_word' id='word_1_260' title='bbox 871 3288 1003 3334; x_wconf 72' lang='lat' dir='ltr'><strong>moestas.</strong></span> <span class='ocrx_word' id='word_1_261' title='bbox 1034 3287 1161 3334; x_wconf 80' lang='lat' dir='ltr'><strong>Jursualis</strong></span> <span class='ocrx_word' id='word_1_262' title='bbox 1172 3288 1203 3336; x_wconf 89' lang='lat' dir='ltr'><strong>de</strong></span> <span class='ocrx_word' id='word_1_263' title='bbox 1214 3288 1286 3335; x_wconf 86' lang='lat' dir='ltr'><strong>Cula-</strong></span> 
     </span>
    </p>
   </div>
   <div class='ocr_carea' id='block_1_4' title="bbox 183 3540 1289 4557">
    <p class='ocr_par' dir='ltr' id='par_1_5' title="bbox 183 3540 1287 4200">
     <span class='ocr_line' id='line_1_31' title="bbox 184 3540 1286 3619; baseline -0.005 -19"><span class='ocrx_word' id='word_1_264' title='bbox 184 3543 352 3600; x_wconf 86' lang='lat' dir='ltr'><strong>misfortune</strong></span> <span class='ocrx_word' id='word_1_265' title='bbox 371 3546 428 3601; x_wconf 84' lang='lat' dir='ltr'><strong>aud</strong></span> <span class='ocrx_word' id='word_1_266' title='bbox 448 3546 583 3604; x_wconf 89' lang='lat' dir='ltr'><strong>misdeed.</strong></span> <span class='ocrx_word' id='word_1_267' title='bbox 627 3547 667 3602; x_wconf 80' lang='lat' dir='ltr'><strong>So</strong></span> <span class='ocrx_word' id='word_1_268' title='bbox 689 3545 828 3619; x_wconf 75' lang='lat' dir='ltr'><strong>Gylippus</strong></span> <span class='ocrx_word' id='word_1_269' title='bbox 846 3543 988 3600; x_wconf 86' lang='lat' dir='ltr'><strong>considers</strong></span> <span class='ocrx_word' id='word_1_270' title='bbox 1002 3547 1033 3599; x_wconf 92' lang='lat' dir='ltr'><strong>to</strong></span> <span class='ocrx_word' id='word_1_271' title='bbox 1047 3540 1139 3596; x_wconf 85' lang='lat' dir='ltr'><strong>which</strong></span> <span class='ocrx_word' id='word_1_272' title='bbox 1150 3541 1221 3596; x_wconf 87' lang='lat' dir='ltr'><strong>cluss</strong></span> <span class='ocrx_word' id='word_1_273' title='bbox 1236 3540 1286 3596; x_wconf 91' lang='lat' dir='ltr'><strong>the</strong></span> 
     </span>
     <span class='ocr_line' id='line_1_32' title="bbox 183 3626 1286 3704; baseline -0.003 -19"><span class='ocrx_word' id='word_1_274' title='bbox 183 3628 340 3687; x_wconf 74' lang='lat' dir='ltr'><strong>Atheniens</strong></span> <span class='ocrx_word' id='word_1_275' title='bbox 359 3631 473 3704; x_wconf 83' lang='lat' dir='ltr'><strong>belong,</strong></span> <span class='ocrx_word' id='word_1_276' title='bbox 494 3632 553 3688; x_wconf 83' lang='lat' dir='ltr'><strong>und</strong></span> <span class='ocrx_word' id='word_1_277' title='bbox 574 3649 638 3704; x_wconf 80' lang='lat' dir='ltr'><strong>says</strong></span> <span class='ocrx_word' id='word_1_278' title='bbox 661 3632 730 3704; x_wconf 79' lang='lat' dir='ltr'><strong>they</strong></span> <span class='ocrx_word' id='word_1_279' title='bbox 752 3647 826 3687; x_wconf 73' lang='lat' dir='ltr'><strong>were</strong></span> <span class='ocrx_word' id='word_1_280' title='bbox 850 3637 903 3687; x_wconf 86' lang='lat' dir='ltr'><strong>not</strong></span> <span class='ocrx_word' id='word_1_281' title='bbox 925 3647 992 3686; x_wconf 88' lang='lat' dir='ltr'><strong>meu</strong></span> <span class='ocrx_word' id='word_1_282' title='bbox 1016 3628 1210 3692; x_wconf 77' lang='lat' dir='ltr'><strong>unfortunate,</strong></span> <span class='ocrx_word' id='word_1_283' title='bbox 1232 3626 1286 3682; x_wconf 89' lang='lat' dir='ltr'><strong>but</strong></span> 
     </span>
     <span class='ocr_line' id='line_1_33' title="bbox 183 3713 1286 3786; baseline -0.001 -17"><span class='ocrx_word' id='word_1_284' title='bbox 183 3717 289 3786; x_wconf 87' lang='lat' dir='ltr'><strong>unjust,</strong></span> <span class='ocrx_word' id='word_1_285' title='bbox 305 3716 363 3771; x_wconf 79' lang='lat' dir='ltr'><strong>and</strong></span> <span class='ocrx_word' id='word_1_286' title='bbox 379 3725 457 3774; x_wconf 90' lang='lat' dir='ltr'><strong>must</strong></span> <span class='ocrx_word' id='word_1_287' title='bbox 474 3717 619 3774; x_wconf 83' lang='lat' dir='ltr'><strong>therefore</strong></span> <span class='ocrx_word' id='word_1_288' title='bbox 636 3717 705 3773; x_wconf 78' lang='lat' dir='ltr'><strong>beor</strong></span> <span class='ocrx_word' id='word_1_289' title='bbox 729 3716 779 3772; x_wconf 90' lang='lat' dir='ltr'><strong>the</strong></span> <span class='ocrx_word' id='word_1_290' title='bbox 798 3717 867 3772; x_wconf 81' lang='lat' dir='ltr'><strong>evils</strong></span> <span class='ocrx_word' id='word_1_291' title='bbox 888 3716 921 3770; x_wconf 88' lang='lat' dir='ltr'><strong>of</strong></span> <span class='ocrx_word' id='word_1_292' title='bbox 942 3732 1006 3770; x_wconf 74' lang='lat' dir='ltr'><strong>war.</strong></span> <span class='ocrx_word' id='word_1_293' title='bbox 1042 3713 1084 3769; x_wconf 84' lang='lat' dir='ltr'><strong>Of</strong></span> <span class='ocrx_word' id='word_1_294' title='bbox 1101 3714 1286 3768; x_wconf 86' lang='lat' dir='ltr'><strong>unfortunate</strong></span> 
     </span>
     <span class='ocr_line' id='line_1_34' title="bbox 183 3798 1286 3875; baseline -0.011 -11"><span class='ocrx_word' id='word_1_295' title='bbox 183 3816 308 3872; x_wconf 67' lang='lat' dir='ltr'><strong>lmus,</strong></span> <span class='ocrx_word' id='word_1_296' title='bbox 327 3804 469 3875; x_wconf 73' lang='lat' dir='ltr'><strong>exemplos</strong></span> <span class='ocrx_word' id='word_1_297' title='bbox 486 3821 535 3861; x_wconf 86' lang='lat' dir='ltr'><strong>ure</strong></span> <span class='ocrx_word' id='word_1_298' title='bbox 554 3802 636 3859; x_wconf 90' lang='lat' dir='ltr'><strong>those</strong></span> <span class='ocrx_word' id='word_1_299' title='bbox 653 3803 716 3857; x_wconf 82' lang='lat' dir='ltr'><strong>who</strong></span> <span class='ocrx_word' id='word_1_300' title='bbox 735 3818 784 3857; x_wconf 86' lang='lat' dir='ltr'><strong>are</strong></span> <span class='ocrx_word' id='word_1_301' title='bbox 797 3801 866 3856; x_wconf 77' lang='lat' dir='ltr'><strong>with</strong></span> <span class='ocrx_word' id='word_1_302' title='bbox 881 3800 931 3856; x_wconf 90' lang='lat' dir='ltr'><strong>the</strong></span> <span class='ocrx_word' id='word_1_303' title='bbox 943 3817 1053 3871; x_wconf 82' lang='lat' dir='ltr'><strong>enemy,</strong></span> <span class='ocrx_word' id='word_1_304' title='bbox 1068 3798 1187 3854; x_wconf 82' lang='lat' dir='ltr'><strong>without</strong></span> <span class='ocrx_word' id='word_1_305' title='bbox 1200 3798 1286 3869; x_wconf 83' lang='lat' dir='ltr'><strong>being</strong></span> 
     </span>
     <span class='ocr_line' id='line_1_35' title="bbox 184 3885 1286 3953; baseline -0.001 -15"><span class='ocrx_word' id='word_1_306' title='bbox 184 3885 288 3942; x_wconf 85' lang='lat' dir='ltr'><strong>hostile</strong></span> <span class='ocrx_word' id='word_1_307' title='bbox 307 3888 338 3941; x_wconf 90' lang='lat' dir='ltr'><strong>in</strong></span> <span class='ocrx_word' id='word_1_308' title='bbox 358 3889 446 3953; x_wconf 91' lang='lat' dir='ltr'><strong>mind,</strong></span> <span class='ocrx_word' id='word_1_309' title='bbox 463 3906 495 3944; x_wconf 88' lang='lat' dir='ltr'><strong>as</strong></span> <span class='ocrx_word' id='word_1_310' title='bbox 515 3889 566 3945; x_wconf 92' lang='lat' dir='ltr'><strong>the</strong></span> <span class='ocrx_word' id='word_1_311' title='bbox 585 3888 742 3944; x_wconf 79' lang='lat' dir='ltr'><strong>Atheniens</strong></span> <span class='ocrx_word' id='word_1_312' title='bbox 759 3893 791 3942; x_wconf 89' lang='lat' dir='ltr'><strong>st</strong></span> <span class='ocrx_word' id='word_1_313' title='bbox 809 3887 859 3942; x_wconf 92' lang='lat' dir='ltr'><strong>the</strong></span> <span class='ocrx_word' id='word_1_314' title='bbox 877 3887 946 3942; x_wconf 90' lang='lat' dir='ltr'><strong>time</strong></span> <span class='ocrx_word' id='word_1_315' title='bbox 964 3886 998 3940; x_wconf 95' lang='lat' dir='ltr'><strong>of</strong></span> <span class='ocrx_word' id='word_1_316' title='bbox 1018 3885 1206 3940; x_wconf 86' lang='lat' dir='ltr'><strong>Mithridates.</strong></span> <span class='ocrx_word' id='word_1_317' title='bbox 1247 3885 1286 3938; x_wconf 82' lang='lat' dir='ltr'><strong>So</strong></span> 
     </span>
     <span class='ocr_line' id='line_1_36' title="bbox 185 3967 1287 4045; baseline -0.001 -20"><span class='ocrx_word' id='word_1_318' title='bbox 185 3970 350 4028; x_wconf 84' lang='lat' dir='ltr'><strong>Paterculus</strong></span> <span class='ocrx_word' id='word_1_319' title='bbox 366 3973 506 4031; x_wconf 87' lang='lat' dir='ltr'><strong>describes</strong></span> <span class='ocrx_word' id='word_1_320' title='bbox 520 3975 608 4039; x_wconf 68' lang='lat' dir='ltr'><strong>thena</strong></span> <span class='ocrx_word' id='word_1_321' title='bbox 622 3974 756 4045; x_wconf 81' lang='lat' dir='ltr'><strong>applying</strong></span> <span class='ocrx_word' id='word_1_322' title='bbox 775 3973 851 4027; x_wconf 81' lang='lat' dir='ltr'><strong>what</strong></span> <span class='ocrx_word' id='word_1_323' title='bbox 868 3973 940 4043; x_wconf 79' lang='lat' dir='ltr'><strong>Livy</strong></span> <span class='ocrx_word' id='word_1_324' title='bbox 954 3988 1025 4044; x_wconf 84' lang='lat' dir='ltr'><strong>seys,</strong></span> <span class='ocrx_word' id='word_1_325' title='bbox 1040 3970 1074 4024; x_wconf 86' lang='lat' dir='ltr'><strong>of</strong></span> <span class='ocrx_word' id='word_1_326' title='bbox 1090 3970 1218 4024; x_wconf 88' lang='lat' dir='ltr'><strong>Indibilis</strong></span> <span class='ocrx_word' id='word_1_327' title='bbox 1235 3967 1287 4024; x_wconf 90' lang='lat' dir='ltr'><strong>the</strong></span> 
     </span>
     <span class='ocr_line' id='line_1_37' title="bbox 186 4053 1286 4134; baseline -0.003 -24"><span class='ocrx_word' id='word_1_328' title='bbox 186 4056 333 4128; x_wconf 73' lang='lat' dir='ltr'><strong>Spaniard,</strong></span> <span class='ocrx_word' id='word_1_329' title='bbox 353 4057 418 4115; x_wconf 90' lang='lat' dir='ltr'><strong>that</strong></span> <span class='ocrx_word' id='word_1_330' title='bbox 437 4059 483 4116; x_wconf 88' lang='lat' dir='ltr'><strong>his</strong></span> <span class='ocrx_word' id='word_1_331' title='bbox 499 4060 576 4134; x_wconf 76' lang='lat' dir='ltr'><strong>body</strong></span> <span class='ocrx_word' id='word_1_332' title='bbox 592 4076 648 4115; x_wconf 78' lang='lat' dir='ltr'><strong>was</strong></span> <span class='ocrx_word' id='word_1_333' title='bbox 666 4057 734 4114; x_wconf 79' lang='lat' dir='ltr'><strong>with</strong></span> <span class='ocrx_word' id='word_1_334' title='bbox 752 4058 801 4113; x_wconf 90' lang='lat' dir='ltr'><strong>the</strong></span> <span class='ocrx_word' id='word_1_335' title='bbox 824 4057 1049 4128; x_wconf 73' lang='lat' dir='ltr'><strong>Carthaginiens,</strong></span> <span class='ocrx_word' id='word_1_336' title='bbox 1065 4055 1110 4111; x_wconf 86' lang='lat' dir='ltr'><strong>his</strong></span> <span class='ocrx_word' id='word_1_337' title='bbox 1124 4055 1203 4110; x_wconf 87' lang='lat' dir='ltr'><strong>mind</strong></span> <span class='ocrx_word' id='word_1_338' title='bbox 1217 4053 1286 4108; x_wconf 85' lang='lat' dir='ltr'><strong>with</strong></span> 
     </span>
     <span class='ocr_line' id='line_1_38' title="bbox 185 4140 383 4200; baseline 0.015 -4"><span class='ocrx_word' id='word_1_339' title='bbox 185 4140 235 4197; x_wconf 89' lang='lat' dir='ltr'><strong>the</strong></span> <span class='ocrx_word' id='word_1_340' title='bbox 248 4143 383 4200; x_wconf 83' lang='lat' dir='ltr'><strong>Romans.</strong></span> 
     </span>
    </p>

    <p class='ocr_par' dir='ltr' id='par_1_6' title="bbox 183 4221 1289 4557">
     <span class='ocr_line' id='line_1_39' title="bbox 238 4221 1289 4302; baseline -0.003 -21"><span class='ocrx_word' id='word_1_341' title='bbox 238 4233 256 4281; x_wconf 81' lang='lat'>2</span> <span class='ocrx_word' id='word_1_342' title='bbox 279 4229 318 4283; x_wconf 78' lang='lat' dir='ltr'><strong>So</strong></span> <span class='ocrx_word' id='word_1_343' title='bbox 332 4229 432 4285; x_wconf 75' lang='lat' dir='ltr'><strong>cicero</strong></span> <span class='ocrx_word' id='word_1_344' title='bbox 449 4229 551 4302; x_wconf 81' lang='lat' dir='ltr'><strong>speaks</strong></span> <span class='ocrx_word' id='word_1_345' title='bbox 568 4229 602 4286; x_wconf 85' lang='lat' dir='ltr'><strong>of</strong></span> <span class='ocrx_word' id='word_1_346' title='bbox 612 4229 698 4285; x_wconf 84' lang='lat' dir='ltr'><strong>faults</strong></span> <span class='ocrx_word' id='word_1_347' title='bbox 713 4228 747 4284; x_wconf 85' lang='lat' dir='ltr'><strong>of</strong></span> <span class='ocrx_word' id='word_1_348' title='bbox 760 4227 907 4300; x_wconf 87' lang='lat' dir='ltr'><strong>necessity,</strong></span> <span class='ocrx_word' id='word_1_349' title='bbox 922 4243 953 4282; x_wconf 86' lang='lat' dir='ltr'><strong>us</strong></span> <span class='ocrx_word' id='word_1_350' title='bbox 967 4225 1093 4299; x_wconf 90' lang='lat' dir='ltr'><strong>opposed</strong></span> <span class='ocrx_word' id='word_1_351' title='bbox 1110 4230 1141 4279; x_wconf 89' lang='lat' dir='ltr'><strong>to</strong></span> <span class='ocrx_word' id='word_1_352' title='bbox 1158 4223 1240 4279; x_wconf 88' lang='lat' dir='ltr'><strong>those</strong></span> <span class='ocrx_word' id='word_1_353' title='bbox 1255 4221 1289 4278; x_wconf 77' lang='lat' dir='ltr'><strong>of</strong></span> 
     </span>
     <span class='ocr_line' id='line_1_40' title="bbox 184 4307 1287 4386; baseline -0.006 -19"><span class='ocrx_word' id='word_1_354' title='bbox 184 4313 255 4368; x_wconf 71' lang='lat' dir='ltr'><strong>wille</strong></span> <span class='ocrx_word' id='word_1_355' title='bbox 266 4330 298 4370; x_wconf 88' lang='lat' dir='ltr'><strong>so</strong></span> <span class='ocrx_word' id='word_1_356' title='bbox 305 4314 445 4379; x_wconf 72' lang='lat' dir='ltr'><strong>Julianus,</strong></span> <span class='ocrx_word' id='word_1_357' title='bbox 459 4316 509 4371; x_wconf 89' lang='lat' dir='ltr'><strong>the</strong></span> <span class='ocrx_word' id='word_1_358' title='bbox 520 4322 725 4371; x_wconf 74' lang='lat' dir='ltr'><strong>commentator</strong></span> <span class='ocrx_word' id='word_1_359' title='bbox 733 4331 771 4370; x_wconf 94' lang='lat' dir='ltr'><strong>on</strong></span> <span class='ocrx_word' id='word_1_360' title='bbox 783 4313 972 4386; x_wconf 79' lang='lat' dir='ltr'><strong>Thucydides,</strong></span> <span class='ocrx_word' id='word_1_361' title='bbox 979 4329 1050 4384; x_wconf 82' lang='lat' dir='ltr'><strong>says,</strong></span> <span class='ocrx_word' id='word_1_362' title='bbox 1062 4310 1125 4365; x_wconf 82' lang='lat' dir='ltr'><strong>thet</strong></span> <span class='ocrx_word' id='word_1_363' title='bbox 1135 4307 1287 4378; x_wconf 81' lang='lat' dir='ltr'><strong>according</strong></span> 
     </span>
     <span class='ocr_line' id='line_1_41' title="bbox 183 4391 1287 4472; baseline -0.006 -19"><span class='ocrx_word' id='word_1_364' title='bbox 183 4403 215 4453; x_wconf 89' lang='lat' dir='ltr'><strong>to</strong></span> <span class='ocrx_word' id='word_1_365' title='bbox 230 4398 280 4453; x_wconf 88' lang='lat' dir='ltr'><strong>the</strong></span> <span class='ocrx_word' id='word_1_366' title='bbox 296 4400 368 4454; x_wconf 88' lang='lat' dir='ltr'><strong>mild</strong></span> <span class='ocrx_word' id='word_1_367' title='bbox 386 4401 469 4472; x_wconf 89' lang='lat' dir='ltr'><strong>spirit</strong></span> <span class='ocrx_word' id='word_1_368' title='bbox 487 4401 521 4455; x_wconf 87' lang='lat' dir='ltr'><strong>of</strong></span> <span class='ocrx_word' id='word_1_369' title='bbox 531 4401 582 4457; x_wconf 86' lang='lat' dir='ltr'><strong>the</strong></span> <span class='ocrx_word' id='word_1_370' title='bbox 601 4402 709 4457; x_wconf 82' lang='lat' dir='ltr'><strong>Greeks</strong></span> <span class='ocrx_word' id='word_1_371' title='bbox 720 4401 769 4455; x_wconf 91' lang='lat' dir='ltr'><strong>the</strong></span> <span class='ocrx_word' id='word_1_372' title='bbox 785 4401 946 4472; x_wconf 81' lang='lat' dir='ltr'><strong>Corcyreun</strong></span> <span class='ocrx_word' id='word_1_373' title='bbox 961 4398 1084 4470; x_wconf 79' lang='lat' dir='ltr'><strong>captives</strong></span> <span class='ocrx_word' id='word_1_374' title='bbox 1097 4409 1171 4448; x_wconf 84' lang='lat' dir='ltr'><strong>were</strong></span> <span class='ocrx_word' id='word_1_375' title='bbox 1184 4391 1287 4463; x_wconf 85' lang='lat' dir='ltr'><strong>sporcd</strong></span> 
     </span>
     <span class='ocr_line' id='line_1_42' title="bbox 186 4479 1287 4557; baseline -0.005 -19"><span class='ocrx_word' id='word_1_376' title='bbox 186 4498 224 4538; x_wconf 87' lang='lat' dir='ltr'><strong>cn</strong></span> <span class='ocrx_word' id='word_1_377' title='bbox 239 4483 297 4542; x_wconf 86' lang='lat' dir='ltr'><strong>this</strong></span> <span class='ocrx_word' id='word_1_378' title='bbox 311 4487 432 4556; x_wconf 86' lang='lat' dir='ltr'><strong>ground.</strong></span> <span class='ocrx_word' id='word_1_379' title='bbox 468 4486 530 4543; x_wconf 81' lang='lat' dir='ltr'><strong>The</strong></span> <span class='ocrx_word' id='word_1_380' title='bbox 548 4489 682 4543; x_wconf 82' lang='lat' dir='ltr'><strong>Phteans</strong></span> <span class='ocrx_word' id='word_1_381' title='bbox 703 4486 786 4557; x_wconf 88' lang='lat' dir='ltr'><strong>pleod</strong></span> <span class='ocrx_word' id='word_1_382' title='bbox 806 4485 857 4541; x_wconf 87' lang='lat' dir='ltr'><strong>the</strong></span> <span class='ocrx_word' id='word_1_383' title='bbox 876 4499 954 4541; x_wconf 91' lang='lat' dir='ltr'><strong>same</strong></span> <span class='ocrx_word' id='word_1_384' title='bbox 969 4496 1070 4538; x_wconf 87' lang='lat' dir='ltr'><strong>excuso</strong></span> <span class='ocrx_word' id='word_1_385' title='bbox 1084 4481 1115 4534; x_wconf 90' lang='lat' dir='ltr'><strong>in</strong></span> <span class='ocrx_word' id='word_1_386' title='bbox 1131 4479 1287 4545; x_wconf 63' lang='lat' dir='ltr'><strong>Isocraten</strong></span> 
     </span>
    </p>
   </div>
   <div class='ocr_carea' id='block_1_5' title="bbox 0 0 1621 5125">
    <p class='ocr_par' dir='ltr' id='par_1_7' title="bbox 0 0 1621 5125">
     <span class='ocr_line' id='line_1_43' title="bbox 0 0 1621 5125; baseline 0 0"><span class='ocrx_word' id='word_1_387' title='bbox 0 0 1621 5125; x_wconf 95' lang='lat' dir='ltr'><strong> </strong></span> 
     </span>
    </p>
   </div>
  </div>
 </body>
</html>
